{
  "meta": {
    "updated_at": "2026-02-16T08:47:14.297015+00:00",
    "total_products": 3153,
    "cross_store_groups": 33,
    "stores": [
      "Kaufland",
      "Lidl",
      "Billa"
    ]
  },
  "products": [
    {
      "id": 2598,
      "name": "Крем ликьор | LIDL",
      "store": "Lidl",
      "price": 26.99,
      "old_price": 134.95,
      "discount_pct": 80,
      "image_url": null,
      "off_barcode": null,
      "group_id": null,
      "match_type": null,
      "match_confidence": null,
      "quantity_g": null,
      "quantity_ml": null,
      "price_per_kg": null,
      "price_per_l": null
    },
    {
      "id": 2985,
      "name": "Станция за заточване | LIDL",
      "store": "Lidl",
      "price": 37.98,
      "old_price": 185.8,
      "discount_pct": 79,
      "image_url": null,
      "off_barcode": null,
      "group_id": null,
      "match_type": null,
      "match_confidence": null,
      "quantity_g": null,
      "quantity_ml": null,
      "price_per_kg": null,
      "price_per_l": null
    },
    {
      "id": 4854,
      "name": "Спален комплект",
      "store": "Lidl",
      "price": 29.98,
      "old_price": 138.86,
      "discount_pct": 78,
      "image_url": null,
      "off_barcode": null,
      "group_id": null,
      "match_type": null,
      "match_confidence": null,
      "quantity_g": null,
      "quantity_ml": null,
      "price_per_kg": null,
      "price_per_l": null
    },
    {
      "id": 2580,
      "name": "Узо | LIDL",
      "store": "Lidl",
      "price": 29.98,
      "old_price": 138.86,
      "discount_pct": 78,
      "image_url": null,
      "off_barcode": null,
      "group_id": null,
      "match_type": null,
      "match_confidence": null,
      "quantity_g": null,
      "quantity_ml": null,
      "price_per_kg": null,
      "price_per_l": null
    },
    {
      "id": 2656,
      "name": "Уред за варене на ориз | LIDL",
      "store": "Lidl",
      "price": 40.0,
      "old_price": 181.89,
      "discount_pct": 78,
      "image_url": null,
      "off_barcode": null,
      "group_id": null,
      "match_type": null,
      "match_confidence": null,
      "quantity_g": null,
      "quantity_ml": null,
      "price_per_kg": null,
      "price_per_l": null
    },
    {
      "id": 4871,
      "name": "Алуминиев уок тиган",
      "store": "Lidl",
      "price": 29.98,
      "old_price": 134.95,
      "discount_pct": 77,
      "image_url": null,
      "off_barcode": null,
      "group_id": null,
      "match_type": null,
      "match_confidence": null,
      "quantity_g": null,
      "quantity_ml": null,
      "price_per_kg": null,
      "price_per_l": null
    },
    {
      "id": 3043,
      "name": "Филе от сьомга | LIDL",
      "store": "Lidl",
      "price": 29.98,
      "old_price": 132.99,
      "discount_pct": 77,
      "image_url": null,
      "off_barcode": null,
      "group_id": null,
      "match_type": null,
      "match_confidence": null,
      "quantity_g": null,
      "quantity_ml": null,
      "price_per_kg": null,
      "price_per_l": null
    },
    {
      "id": 4894,
      "name": "Блендер за смути",
      "store": "Lidl",
      "price": 42.99,
      "old_price": 183.85,
      "discount_pct": 76,
      "image_url": null,
      "off_barcode": null,
      "group_id": null,
      "match_type": null,
      "match_confidence": null,
      "quantity_g": null,
      "quantity_ml": null,
      "price_per_kg": null,
      "price_per_l": null
    },
    {
      "id": 2804,
      "name": "Ръчна парочистачка | LIDL",
      "store": "Lidl",
      "price": 44.98,
      "old_price": 185.8,
      "discount_pct": 75,
      "image_url": null,
      "off_barcode": null,
      "group_id": null,
      "match_type": null,
      "match_confidence": null,
      "quantity_g": null,
      "quantity_ml": null,
      "price_per_kg": null,
      "price_per_l": null
    },
    {
      "id": 3097,
      "name": "Акумулаторен пробивен винтоверт | LIDL",
      "store": "Lidl",
      "price": 37.98,
      "old_price": 150.6,
      "discount_pct": 74,
      "image_url": null,
      "off_barcode": null,
      "group_id": null,
      "match_type": null,
      "match_confidence": null,
      "quantity_g": null,
      "quantity_ml": null,
      "price_per_kg": null,
      "price_per_l": null
    },
    {
      "id": 3116,
      "name": "Акумулаторна батерия | LIDL",
      "store": "Lidl",
      "price": 39.98,
      "old_price": 154.51,
      "discount_pct": 74,
      "image_url": null,
      "off_barcode": null,
      "group_id": null,
      "match_type": null,
      "match_confidence": null,
      "quantity_g": null,
      "quantity_ml": null,
      "price_per_kg": null,
      "price_per_l": null
    },
    {
      "id": 3150,
      "name": "Уоки-токи | LIDL",
      "store": "Lidl",
      "price": 42.99,
      "old_price": 166.24,
      "discount_pct": 74,
      "image_url": null,
      "off_barcode": null,
      "group_id": null,
      "match_type": null,
      "match_confidence": null,
      "quantity_g": null,
      "quantity_ml": null,
      "price_per_kg": null,
      "price_per_l": null
    },
    {
      "id": 2787,
      "name": "Вино XXL | LIDL",
      "store": "Lidl",
      "price": 40.0,
      "old_price": 148.64,
      "discount_pct": 73,
      "image_url": null,
      "off_barcode": null,
      "group_id": null,
      "match_type": null,
      "match_confidence": null,
      "quantity_g": null,
      "quantity_ml": null,
      "price_per_kg": null,
      "price_per_l": null
    },
    {
      "id": 5051,
      "name": "Зелено растение",
      "store": "Lidl",
      "price": 37.14,
      "old_price": 142.77,
      "discount_pct": 73,
      "image_url": null,
      "off_barcode": null,
      "group_id": null,
      "match_type": null,
      "match_confidence": null,
      "quantity_g": null,
      "quantity_ml": null,
      "price_per_kg": null,
      "price_per_l": null
    },
    {
      "id": 2919,
      "name": "Уред за почистване на прозорци | LIDL",
      "store": "Lidl",
      "price": 44.98,
      "old_price": 170.15,
      "discount_pct": 73,
      "image_url": null,
      "off_barcode": null,
      "group_id": null,
      "match_type": null,
      "match_confidence": null,
      "quantity_g": null,
      "quantity_ml": null,
      "price_per_kg": null,
      "price_per_l": null
    },
    {
      "id": 2705,
      "name": "Козметичен комплект | LIDL",
      "store": "Lidl",
      "price": 40.0,
      "old_price": 138.86,
      "discount_pct": 71,
      "image_url": null,
      "off_barcode": null,
      "group_id": null,
      "match_type": null,
      "match_confidence": null,
      "quantity_g": null,
      "quantity_ml": null,
      "price_per_kg": null,
      "price_per_l": null
    },
    {
      "id": 4922,
      "name": "Акумулаторна батерия",
      "store": "Lidl",
      "price": 39.98,
      "old_price": 136.91,
      "discount_pct": 70,
      "image_url": null,
      "off_barcode": null,
      "group_id": null,
      "match_type": null,
      "match_confidence": null,
      "quantity_g": null,
      "quantity_ml": null,
      "price_per_kg": null,
      "price_per_l": null
    },
    {
      "id": 5069,
      "name": "Двойно зарядно за акумулаторни батерии",
      "store": "Lidl",
      "price": 39.98,
      "old_price": 136.91,
      "discount_pct": 70,
      "image_url": null,
      "off_barcode": null,
      "group_id": null,
      "match_type": null,
      "match_confidence": null,
      "quantity_g": null,
      "quantity_ml": null,
      "price_per_kg": null,
      "price_per_l": null
    },
    {
      "id": 3151,
      "name": "Ирландско уиски | LIDL",
      "store": "Lidl",
      "price": 40.0,
      "old_price": 134.95,
      "discount_pct": 70,
      "image_url": null,
      "off_barcode": null,
      "group_id": null,
      "match_type": null,
      "match_confidence": null,
      "quantity_g": null,
      "quantity_ml": null,
      "price_per_kg": null,
      "price_per_l": null
    },
    {
      "id": 2590,
      "name": "Български пчелен мед | LIDL",
      "store": "Lidl",
      "price": 41.05,
      "old_price": 132.99,
      "discount_pct": 69,
      "image_url": null,
      "off_barcode": null,
      "group_id": null,
      "match_type": null,
      "match_confidence": null,
      "quantity_g": null,
      "quantity_ml": null,
      "price_per_kg": null,
      "price_per_l": null
    },
    {
      "id": 2637,
      "name": "Водка | LIDL",
      "store": "Lidl",
      "price": 42.99,
      "old_price": 138.86,
      "discount_pct": 69,
      "image_url": null,
      "off_barcode": null,
      "group_id": null,
      "match_type": null,
      "match_confidence": null,
      "quantity_g": null,
      "quantity_ml": null,
      "price_per_kg": null,
      "price_per_l": null
    },
    {
      "id": 5038,
      "name": "Дъмбел",
      "store": "Lidl",
      "price": 49.99,
      "old_price": 164.29,
      "discount_pct": 69,
      "image_url": null,
      "off_barcode": null,
      "group_id": null,
      "match_type": null,
      "match_confidence": null,
      "quantity_g": null,
      "quantity_ml": null,
      "price_per_kg": null,
      "price_per_l": null
    },
    {
      "id": 3001,
      "name": "Заваръчен шлем | LIDL",
      "store": "Lidl",
      "price": 49.99,
      "old_price": 166.24,
      "discount_pct": 69,
      "image_url": null,
      "off_barcode": null,
      "group_id": null,
      "match_type": null,
      "match_confidence": null,
      "quantity_g": null,
      "quantity_ml": null,
      "price_per_kg": null,
      "price_per_l": null
    },
    {
      "id": 2988,
      "name": "Препарат за пране | LIDL",
      "store": "Lidl",
      "price": 47.0,
      "old_price": 154.51,
      "discount_pct": 69,
      "image_url": null,
      "off_barcode": null,
      "group_id": null,
      "match_type": null,
      "match_confidence": null,
      "quantity_g": null,
      "quantity_ml": null,
      "price_per_kg": null,
      "price_per_l": null
    },
    {
      "id": 2827,
      "name": "Прясно фагри | LIDL",
      "store": "Lidl",
      "price": 44.96,
      "old_price": 146.69,
      "discount_pct": 69,
      "image_url": null,
      "off_barcode": null,
      "group_id": null,
      "match_type": null,
      "match_confidence": null,
      "quantity_g": null,
      "quantity_ml": null,
      "price_per_kg": null,
      "price_per_l": null
    },
    {
      "id": 2950,
      "name": "Ръчна мини прахосмукачка | LIDL",
      "store": "Lidl",
      "price": 45.98,
      "old_price": 150.6,
      "discount_pct": 69,
      "image_url": null,
      "off_barcode": null,
      "group_id": null,
      "match_type": null,
      "match_confidence": null,
      "quantity_g": null,
      "quantity_ml": null,
      "price_per_kg": null,
      "price_per_l": null
    },
    {
      "id": 2602,
      "name": "Акумулаторен LED прожектор | LIDL",
      "store": "Lidl",
      "price": 49.99,
      "old_price": 154.51,
      "discount_pct": 67,
      "image_url": null,
      "off_barcode": null,
      "group_id": null,
      "match_type": null,
      "match_confidence": null,
      "quantity_g": null,
      "quantity_ml": null,
      "price_per_kg": null,
      "price_per_l": null
    },
    {
      "id": 3021,
      "name": "Кафе на зърна | LIDL",
      "store": "Lidl",
      "price": 45.98,
      "old_price": 136.91,
      "discount_pct": 66,
      "image_url": null,
      "off_barcode": null,
      "group_id": null,
      "match_type": null,
      "match_confidence": null,
      "quantity_g": null,
      "quantity_ml": null,
      "price_per_kg": null,
      "price_per_l": null
    },
    {
      "id": 4945,
      "name": "Конвекторна печка",
      "store": "Lidl",
      "price": 49.99,
      "old_price": 148.64,
      "discount_pct": 66,
      "image_url": null,
      "off_barcode": null,
      "group_id": null,
      "match_type": null,
      "match_confidence": null,
      "quantity_g": null,
      "quantity_ml": null,
      "price_per_kg": null,
      "price_per_l": null
    },
    {
      "id": 5031,
      "name": "Тенеси уиски",
      "store": "Lidl",
      "price": 48.0,
      "old_price": 136.91,
      "discount_pct": 64,
      "image_url": null,
      "off_barcode": null,
      "group_id": null,
      "match_type": null,
      "match_confidence": null,
      "quantity_g": null,
      "quantity_ml": null,
      "price_per_kg": null,
      "price_per_l": null
    },
    {
      "id": 4943,
      "name": "Акумулаторна полираща машина",
      "store": "Lidl",
      "price": 64.99,
      "old_price": 179.93,
      "discount_pct": 63,
      "image_url": null,
      "off_barcode": null,
      "group_id": null,
      "match_type": null,
      "match_confidence": null,
      "quantity_g": null,
      "quantity_ml": null,
      "price_per_kg": null,
      "price_per_l": null
    },
    {
      "id": 2855,
      "name": "Детска маса със столчета | LIDL",
      "store": "Lidl",
      "price": 69.98,
      "old_price": 185.8,
      "discount_pct": 62,
      "image_url": null,
      "off_barcode": null,
      "group_id": null,
      "match_type": null,
      "match_confidence": null,
      "quantity_g": null,
      "quantity_ml": null,
      "price_per_kg": null,
      "price_per_l": null
    },
    {
      "id": 5727,
      "name": "Мандарини",
      "store": "Lidl",
      "price": 0.76,
      "old_price": 2.04,
      "discount_pct": 62,
      "image_url": null,
      "off_barcode": null,
      "group_id": null,
      "match_type": null,
      "match_confidence": null,
      "quantity_g": null,
      "quantity_ml": null,
      "price_per_kg": null,
      "price_per_l": null
    },
    {
      "id": 920,
      "name": "S POWER",
      "store": "Kaufland",
      "price": 1.78,
      "old_price": 4.6,
      "discount_pct": 61,
      "image_url": null,
      "off_barcode": null,
      "group_id": null,
      "match_type": null,
      "match_confidence": null,
      "quantity_g": null,
      "quantity_ml": null,
      "price_per_kg": null,
      "price_per_l": null
    },
    {
      "id": 478,
      "name": "S POWER Зимна течност за чистачки\nдо -20° С",
      "store": "Kaufland",
      "price": 3.48,
      "old_price": 9.0,
      "discount_pct": 61,
      "image_url": null,
      "off_barcode": null,
      "group_id": null,
      "match_type": null,
      "match_confidence": null,
      "quantity_g": null,
      "quantity_ml": null,
      "price_per_kg": null,
      "price_per_l": null
    },
    {
      "id": 4,
      "name": "AQUAPHOR",
      "store": "Kaufland",
      "price": 4.08,
      "old_price": 10.22,
      "discount_pct": 60,
      "image_url": null,
      "off_barcode": null,
      "group_id": null,
      "match_type": null,
      "match_confidence": null,
      "quantity_g": null,
      "quantity_ml": null,
      "price_per_kg": null,
      "price_per_l": null
    },
    {
      "id": 4709,
      "name": "AQUAPHOR Филтър за вода A5",
      "store": "Kaufland",
      "price": 7.98,
      "old_price": 19.99,
      "discount_pct": 60,
      "image_url": null,
      "off_barcode": null,
      "group_id": null,
      "match_type": null,
      "match_confidence": null,
      "quantity_g": null,
      "quantity_ml": null,
      "price_per_kg": null,
      "price_per_l": null
    },
    {
      "id": 3,
      "name": "Aquaphor Филтър за вода\nразлични видове",
      "store": "Kaufland",
      "price": 7.98,
      "old_price": 19.99,
      "discount_pct": 60,
      "image_url": null,
      "off_barcode": null,
      "group_id": null,
      "match_type": null,
      "match_confidence": null,
      "quantity_g": null,
      "quantity_ml": null,
      "price_per_kg": null,
      "price_per_l": null
    },
    {
      "id": 4321,
      "name": "Бял земел от нашата пекарна",
      "store": "Kaufland",
      "price": 0.08,
      "old_price": 0.2,
      "discount_pct": 60,
      "image_url": null,
      "off_barcode": null,
      "group_id": null,
      "match_type": null,
      "match_confidence": null,
      "quantity_g": null,
      "quantity_ml": null,
      "price_per_kg": null,
      "price_per_l": null
    },
    {
      "id": 4708,
      "name": "AQUAPHOR Филтрираща кана за вода\nSmile",
      "store": "Kaufland",
      "price": 13.98,
      "old_price": 32.99,
      "discount_pct": 57,
      "image_url": null,
      "off_barcode": null,
      "group_id": null,
      "match_type": null,
      "match_confidence": null,
      "quantity_g": null,
      "quantity_ml": null,
      "price_per_kg": null,
      "price_per_l": null
    },
    {
      "id": 932,
      "name": "Свинско каре",
      "store": "Kaufland",
      "price": 3.47,
      "old_price": 8.18,
      "discount_pct": 57,
      "image_url": null,
      "off_barcode": null,
      "group_id": null,
      "match_type": null,
      "match_confidence": null,
      "quantity_g": null,
      "quantity_ml": null,
      "price_per_kg": null,
      "price_per_l": null
    },
    {
      "id": 4239,
      "name": "Ябълки Златна превъзходна",
      "store": "Kaufland",
      "price": 1.49,
      "old_price": 3.48,
      "discount_pct": 57,
      "image_url": null,
      "off_barcode": null,
      "group_id": null,
      "match_type": null,
      "match_confidence": null,
      "quantity_g": null,
      "quantity_ml": null,
      "price_per_kg": null,
      "price_per_l": null
    },
    {
      "id": 643,
      "name": "King оферта - Само с Billa Card - Свински врат без кост За 1 кг До 5 кг на клиент на ден*",
      "store": "Billa",
      "price": 3.57,
      "old_price": 8.18,
      "discount_pct": 56,
      "image_url": null,
      "off_barcode": null,
      "group_id": null,
      "match_type": null,
      "match_confidence": null,
      "quantity_g": 1000,
      "quantity_ml": null,
      "price_per_kg": 3.57,
      "price_per_l": null
    },
    {
      "id": 5736,
      "name": "Mоркови",
      "store": "Lidl",
      "price": 0.44,
      "old_price": 1.02,
      "discount_pct": 56,
      "image_url": null,
      "off_barcode": null,
      "group_id": null,
      "match_type": null,
      "match_confidence": null,
      "quantity_g": null,
      "quantity_ml": null,
      "price_per_kg": null,
      "price_per_l": null
    },
    {
      "id": 925,
      "name": "ZEBRA",
      "store": "Kaufland",
      "price": 0.5,
      "old_price": 1.15,
      "discount_pct": 56,
      "image_url": null,
      "off_barcode": null,
      "group_id": null,
      "match_type": null,
      "match_confidence": null,
      "quantity_g": null,
      "quantity_ml": null,
      "price_per_kg": null,
      "price_per_l": null
    },
    {
      "id": 4624,
      "name": "ZEBRA Салфетки",
      "store": "Kaufland",
      "price": 0.98,
      "old_price": 2.25,
      "discount_pct": 56,
      "image_url": null,
      "off_barcode": null,
      "group_id": null,
      "match_type": null,
      "match_confidence": null,
      "quantity_g": null,
      "quantity_ml": null,
      "price_per_kg": null,
      "price_per_l": null
    },
    {
      "id": 924,
      "name": "Автомобилна чистачка",
      "store": "Kaufland",
      "price": 1.12,
      "old_price": 2.55,
      "discount_pct": 56,
      "image_url": null,
      "off_barcode": null,
      "group_id": null,
      "match_type": null,
      "match_confidence": null,
      "quantity_g": null,
      "quantity_ml": null,
      "price_per_kg": null,
      "price_per_l": null
    },
    {
      "id": 4533,
      "name": "Автомобилна чистачка 30 - 71 см",
      "store": "Kaufland",
      "price": 2.19,
      "old_price": 4.99,
      "discount_pct": 56,
      "image_url": null,
      "off_barcode": null,
      "group_id": null,
      "match_type": null,
      "match_confidence": null,
      "quantity_g": null,
      "quantity_ml": null,
      "price_per_kg": null,
      "price_per_l": null
    },
    {
      "id": 4972,
      "name": "Акумулаторен прав шлайф",
      "store": "Lidl",
      "price": 79.99,
      "old_price": 183.85,
      "discount_pct": 56,
      "image_url": null,
      "off_barcode": null,
      "group_id": null,
      "match_type": null,
      "match_confidence": null,
      "quantity_g": null,
      "quantity_ml": null,
      "price_per_kg": null,
      "price_per_l": null
    },
    {
      "id": 5690,
      "name": "Български четкани картофи",
      "store": "Lidl",
      "price": 0.35,
      "old_price": 0.81,
      "discount_pct": 56,
      "image_url": null,
      "off_barcode": null,
      "group_id": null,
      "match_type": null,
      "match_confidence": null,
      "quantity_g": null,
      "quantity_ml": null,
      "price_per_kg": null,
      "price_per_l": null
    },
    {
      "id": 4050,
      "name": "BELIISA Краве масло\n83% масленост",
      "store": "Kaufland",
      "price": 3.6,
      "old_price": 8.0,
      "discount_pct": 55,
      "image_url": null,
      "off_barcode": null,
      "group_id": null,
      "match_type": null,
      "match_confidence": null,
      "quantity_g": null,
      "quantity_ml": null,
      "price_per_kg": null,
      "price_per_l": null
    },
    {
      "id": 4532,
      "name": "Home Practic Комплект гедоре\n1/4",
      "store": "Kaufland",
      "price": 15.98,
      "old_price": 35.99,
      "discount_pct": 55,
      "image_url": null,
      "off_barcode": null,
      "group_id": null,
      "match_type": null,
      "match_confidence": null,
      "quantity_g": null,
      "quantity_ml": null,
      "price_per_kg": null,
      "price_per_l": null
    },
    {
      "id": 539,
      "name": "Luminarc Тава Diwali\n33 х 24 х 7 см или Ø30 см",
      "store": "Kaufland",
      "price": 8.98,
      "old_price": 19.99,
      "discount_pct": 55,
      "image_url": null,
      "off_barcode": null,
      "group_id": null,
      "match_type": null,
      "match_confidence": null,
      "quantity_g": null,
      "quantity_ml": null,
      "price_per_kg": null,
      "price_per_l": null
    },
    {
      "id": 979,
      "name": "Боровинки",
      "store": "Kaufland",
      "price": 0.91,
      "old_price": 2.04,
      "discount_pct": 55,
      "image_url": null,
      "off_barcode": null,
      "group_id": null,
      "match_type": null,
      "match_confidence": null,
      "quantity_g": null,
      "quantity_ml": null,
      "price_per_kg": null,
      "price_per_l": null
    },
    {
      "id": 929,
      "name": "Моркови",
      "store": "Kaufland",
      "price": 0.45,
      "old_price": 1.02,
      "discount_pct": 55,
      "image_url": null,
      "off_barcode": null,
      "group_id": null,
      "match_type": null,
      "match_confidence": null,
      "quantity_g": null,
      "quantity_ml": null,
      "price_per_kg": null,
      "price_per_l": null
    },
    {
      "id": 926,
      "name": "Пърленка",
      "store": "Kaufland",
      "price": 0.09,
      "old_price": 0.2,
      "discount_pct": 55,
      "image_url": null,
      "off_barcode": null,
      "group_id": null,
      "match_type": null,
      "match_confidence": null,
      "quantity_g": null,
      "quantity_ml": null,
      "price_per_kg": null,
      "price_per_l": null
    },
    {
      "id": 935,
      "name": "Свинска плешка без кост",
      "store": "Kaufland",
      "price": 2.96,
      "old_price": 6.64,
      "discount_pct": 55,
      "image_url": null,
      "off_barcode": null,
      "group_id": null,
      "match_type": null,
      "match_confidence": null,
      "quantity_g": null,
      "quantity_ml": null,
      "price_per_kg": null,
      "price_per_l": null
    },
    {
      "id": 931,
      "name": "BRIO",
      "store": "Kaufland",
      "price": 1.63,
      "old_price": 3.57,
      "discount_pct": 54,
      "image_url": null,
      "off_barcode": null,
      "group_id": null,
      "match_type": null,
      "match_confidence": null,
      "quantity_g": null,
      "quantity_ml": null,
      "price_per_kg": null,
      "price_per_l": null
    },
    {
      "id": 4650,
      "name": "BRIO Ренде Metallica",
      "store": "Kaufland",
      "price": 3.19,
      "old_price": 6.98,
      "discount_pct": 54,
      "image_url": null,
      "off_barcode": null,
      "group_id": null,
      "match_type": null,
      "match_confidence": null,
      "quantity_g": null,
      "quantity_ml": null,
      "price_per_kg": null,
      "price_per_l": null
    },
    {
      "id": 646,
      "name": "King оферта - Супер цена - Баничка със сирене или със сирене и спанак От Billa пекарна 125 г Произхо",
      "store": "Billa",
      "price": 0.44,
      "old_price": 0.97,
      "discount_pct": 54,
      "image_url": null,
      "off_barcode": null,
      "group_id": null,
      "match_type": null,
      "match_confidence": null,
      "quantity_g": 125,
      "quantity_ml": null,
      "price_per_kg": 3.52,
      "price_per_l": null
    },
    {
      "id": 930,
      "name": "MUHLER",
      "store": "Kaufland",
      "price": 10.22,
      "old_price": 22.49,
      "discount_pct": 54,
      "image_url": null,
      "off_barcode": null,
      "group_id": null,
      "match_type": null,
      "match_confidence": null,
      "quantity_g": null,
      "quantity_ml": null,
      "price_per_kg": null,
      "price_per_l": null
    },
    {
      "id": 4553,
      "name": "MUHLER Миничопър BCH400",
      "store": "Kaufland",
      "price": 19.99,
      "old_price": 43.99,
      "discount_pct": 54,
      "image_url": null,
      "off_barcode": null,
      "group_id": null,
      "match_type": null,
      "match_confidence": null,
      "quantity_g": null,
      "quantity_ml": null,
      "price_per_kg": null,
      "price_per_l": null
    },
    {
      "id": 3527,
      "name": "Sweet way Бисквити Petit Beurre\nразлични видове",
      "store": "Kaufland",
      "price": 1.74,
      "old_price": 3.79,
      "discount_pct": 54,
      "image_url": null,
      "off_barcode": null,
      "group_id": null,
      "match_type": null,
      "match_confidence": null,
      "quantity_g": null,
      "quantity_ml": null,
      "price_per_kg": null,
      "price_per_l": null
    },
    {
      "id": 3409,
      "name": "Земел със сусам от нашата пекарна",
      "store": "Kaufland",
      "price": 0.1,
      "old_price": 0.22,
      "discount_pct": 54,
      "image_url": null,
      "off_barcode": null,
      "group_id": null,
      "match_type": null,
      "match_confidence": null,
      "quantity_g": null,
      "quantity_ml": null,
      "price_per_kg": null,
      "price_per_l": null
    },
    {
      "id": 3505,
      "name": "Gianmarco Разтворима напитка 3 в 1",
      "store": "Kaufland",
      "price": 0.18,
      "old_price": 0.39,
      "discount_pct": 53,
      "image_url": null,
      "off_barcode": null,
      "group_id": null,
      "match_type": null,
      "match_confidence": null,
      "quantity_g": null,
      "quantity_ml": null,
      "price_per_kg": null,
      "price_per_l": null
    },
    {
      "id": 3509,
      "name": "Tchibo Мляно кафе",
      "store": "Kaufland",
      "price": 7.49,
      "old_price": 16.0,
      "discount_pct": 53,
      "image_url": null,
      "off_barcode": null,
      "group_id": null,
      "match_type": null,
      "match_confidence": null,
      "quantity_g": null,
      "quantity_ml": null,
      "price_per_kg": null,
      "price_per_l": null
    },
    {
      "id": 3214,
      "name": "Български картофи четкани",
      "store": "Kaufland",
      "price": 3.25,
      "old_price": 6.94,
      "discount_pct": 53,
      "image_url": null,
      "off_barcode": null,
      "group_id": null,
      "match_type": null,
      "match_confidence": null,
      "quantity_g": null,
      "quantity_ml": null,
      "price_per_kg": null,
      "price_per_l": null
    },
    {
      "id": 6123,
      "name": "Домати",
      "store": "Lidl",
      "price": 0.59,
      "old_price": 1.27,
      "discount_pct": 53,
      "image_url": null,
      "off_barcode": null,
      "group_id": null,
      "match_type": null,
      "match_confidence": null,
      "quantity_g": null,
      "quantity_ml": null,
      "price_per_kg": null,
      "price_per_l": null
    },
    {
      "id": 253,
      "name": "Пърленка от нашата пекарна",
      "store": "Kaufland",
      "price": 0.18,
      "old_price": 0.39,
      "discount_pct": 53,
      "image_url": null,
      "off_barcode": null,
      "group_id": null,
      "match_type": null,
      "match_confidence": null,
      "quantity_g": null,
      "quantity_ml": null,
      "price_per_kg": null,
      "price_per_l": null
    },
    {
      "id": 3248,
      "name": "Свински врат до 5 кг на покупка",
      "store": "Kaufland",
      "price": 7.49,
      "old_price": 16.0,
      "discount_pct": 53,
      "image_url": null,
      "off_barcode": null,
      "group_id": null,
      "match_type": null,
      "match_confidence": null,
      "quantity_g": 5000,
      "quantity_ml": null,
      "price_per_kg": 1.5,
      "price_per_l": null
    },
    {
      "id": 156,
      "name": "Свинско каре от свежата витрина",
      "store": "Kaufland",
      "price": 7.49,
      "old_price": 16.0,
      "discount_pct": 53,
      "image_url": null,
      "off_barcode": null,
      "group_id": null,
      "match_type": null,
      "match_confidence": null,
      "quantity_g": null,
      "quantity_ml": null,
      "price_per_kg": null,
      "price_per_l": null
    },
    {
      "id": 908,
      "name": "Супер цена - Свински бут без кост За 1 кг",
      "store": "Billa",
      "price": 2.96,
      "old_price": 6.39,
      "discount_pct": 53,
      "image_url": null,
      "off_barcode": null,
      "group_id": null,
      "match_type": null,
      "match_confidence": null,
      "quantity_g": 1000,
      "quantity_ml": null,
      "price_per_kg": 2.96,
      "price_per_l": null
    },
    {
      "id": 933,
      "name": "Черни маслини Мамут",
      "store": "Kaufland",
      "price": 3.57,
      "old_price": 7.66,
      "discount_pct": 53,
      "image_url": null,
      "off_barcode": null,
      "group_id": null,
      "match_type": null,
      "match_confidence": null,
      "quantity_g": null,
      "quantity_ml": null,
      "price_per_kg": null,
      "price_per_l": null
    },
    {
      "id": 203,
      "name": "Черни маслини Мамут от свежата витрина",
      "store": "Kaufland",
      "price": 6.98,
      "old_price": 14.98,
      "discount_pct": 53,
      "image_url": null,
      "off_barcode": null,
      "group_id": null,
      "match_type": null,
      "match_confidence": null,
      "quantity_g": null,
      "quantity_ml": null,
      "price_per_kg": null,
      "price_per_l": null
    },
    {
      "id": 4654,
      "name": "BRIO Комплект за подправки\n13 части",
      "store": "Kaufland",
      "price": 17.99,
      "old_price": 37.98,
      "discount_pct": 52,
      "image_url": null,
      "off_barcode": null,
      "group_id": null,
      "match_type": null,
      "match_confidence": null,
      "quantity_g": null,
      "quantity_ml": null,
      "price_per_kg": null,
      "price_per_l": null
    },
    {
      "id": 4703,
      "name": "BRIO Нож за белене Metallica\n9 см",
      "store": "Kaufland",
      "price": 4.79,
      "old_price": 9.99,
      "discount_pct": 52,
      "image_url": null,
      "off_barcode": null,
      "group_id": null,
      "match_type": null,
      "match_confidence": null,
      "quantity_g": null,
      "quantity_ml": null,
      "price_per_kg": null,
      "price_per_l": null
    },
    {
      "id": 4656,
      "name": "BRIO Тава Metallica\nØ28 х 7,2 см",
      "store": "Kaufland",
      "price": 4.79,
      "old_price": 9.99,
      "discount_pct": 52,
      "image_url": null,
      "off_barcode": null,
      "group_id": null,
      "match_type": null,
      "match_confidence": null,
      "quantity_g": null,
      "quantity_ml": null,
      "price_per_kg": null,
      "price_per_l": null
    },
    {
      "id": 4655,
      "name": "BRIO Тава Metallica\nØ36 х 7,8 см",
      "store": "Kaufland",
      "price": 6.69,
      "old_price": 13.98,
      "discount_pct": 52,
      "image_url": null,
      "off_barcode": null,
      "group_id": null,
      "match_type": null,
      "match_confidence": null,
      "quantity_g": null,
      "quantity_ml": null,
      "price_per_kg": null,
      "price_per_l": null
    },
    {
      "id": 4701,
      "name": "BRIO Тенджера Metallica\n4,2 л, Ø22 х 11 см",
      "store": "Kaufland",
      "price": 20.99,
      "old_price": 43.99,
      "discount_pct": 52,
      "image_url": null,
      "off_barcode": null,
      "group_id": null,
      "match_type": null,
      "match_confidence": null,
      "quantity_g": null,
      "quantity_ml": 4200,
      "price_per_kg": null,
      "price_per_l": 5.0
    },
    {
      "id": 4702,
      "name": "BRIO Тенджера Metallica\n5,3 л, Ø24 х 12 см",
      "store": "Kaufland",
      "price": 22.98,
      "old_price": 48.0,
      "discount_pct": 52,
      "image_url": null,
      "off_barcode": null,
      "group_id": null,
      "match_type": null,
      "match_confidence": null,
      "quantity_g": null,
      "quantity_ml": 5300,
      "price_per_kg": null,
      "price_per_l": 4.34
    },
    {
      "id": 4700,
      "name": "BRIO Тенджера Metallica\nØ20 х 10 см",
      "store": "Kaufland",
      "price": 17.99,
      "old_price": 37.98,
      "discount_pct": 52,
      "image_url": null,
      "off_barcode": null,
      "group_id": null,
      "match_type": null,
      "match_confidence": null,
      "quantity_g": null,
      "quantity_ml": null,
      "price_per_kg": null,
      "price_per_l": null
    },
    {
      "id": 3361,
      "name": "Karo Кюфтета\nразлични видове",
      "store": "Kaufland",
      "price": 1.74,
      "old_price": 3.7,
      "discount_pct": 52,
      "image_url": null,
      "off_barcode": null,
      "group_id": null,
      "match_type": null,
      "match_confidence": null,
      "quantity_g": null,
      "quantity_ml": null,
      "price_per_kg": null,
      "price_per_l": null
    },
    {
      "id": 934,
      "name": "Krina",
      "store": "Kaufland",
      "price": 1.27,
      "old_price": 2.65,
      "discount_pct": 52,
      "image_url": null,
      "off_barcode": null,
      "group_id": null,
      "match_type": null,
      "match_confidence": null,
      "quantity_g": null,
      "quantity_ml": null,
      "price_per_kg": null,
      "price_per_l": null
    },
    {
      "id": 214,
      "name": "Krina Ориз",
      "store": "Kaufland",
      "price": 2.48,
      "old_price": 5.18,
      "discount_pct": 52,
      "image_url": null,
      "off_barcode": null,
      "group_id": null,
      "match_type": null,
      "match_confidence": null,
      "quantity_g": null,
      "quantity_ml": null,
      "price_per_kg": null,
      "price_per_l": null
    },
    {
      "id": 1452,
      "name": "PYREX",
      "store": "Kaufland",
      "price": 5.87,
      "old_price": 12.27,
      "discount_pct": 52,
      "image_url": null,
      "off_barcode": null,
      "group_id": null,
      "match_type": null,
      "match_confidence": null,
      "quantity_g": null,
      "quantity_ml": null,
      "price_per_kg": null,
      "price_per_l": null
    },
    {
      "id": 4660,
      "name": "PYREX Мерителна кана",
      "store": "Kaufland",
      "price": 11.48,
      "old_price": 24.0,
      "discount_pct": 52,
      "image_url": null,
      "off_barcode": null,
      "group_id": null,
      "match_type": null,
      "match_confidence": null,
      "quantity_g": null,
      "quantity_ml": null,
      "price_per_kg": null,
      "price_per_l": null
    },
    {
      "id": 5098,
      "name": "Блендер",
      "store": "Lidl",
      "price": 69.98,
      "old_price": 148.64,
      "discount_pct": 52,
      "image_url": null,
      "off_barcode": null,
      "group_id": null,
      "match_type": null,
      "match_confidence": null,
      "quantity_g": null,
      "quantity_ml": null,
      "price_per_kg": null,
      "price_per_l": null
    },
    {
      "id": 526,
      "name": "Въже за простор 20 м",
      "store": "Kaufland",
      "price": 1.19,
      "old_price": 2.48,
      "discount_pct": 52,
      "image_url": null,
      "off_barcode": null,
      "group_id": null,
      "match_type": null,
      "match_confidence": null,
      "quantity_g": null,
      "quantity_ml": null,
      "price_per_kg": null,
      "price_per_l": null
    },
    {
      "id": 3400,
      "name": "Галена Суха паста\nразлични видове",
      "store": "Kaufland",
      "price": 0.31,
      "old_price": 0.65,
      "discount_pct": 52,
      "image_url": null,
      "off_barcode": null,
      "group_id": null,
      "match_type": null,
      "match_confidence": null,
      "quantity_g": null,
      "quantity_ml": null,
      "price_per_kg": null,
      "price_per_l": null
    },
    {
      "id": 3538,
      "name": "Горна Баня Минерална вода",
      "store": "Kaufland",
      "price": 0.43,
      "old_price": 0.9,
      "discount_pct": 52,
      "image_url": null,
      "off_barcode": null,
      "group_id": "g_9bf31c7f",
      "match_type": "name_similarity",
      "match_confidence": 1.0,
      "quantity_g": null,
      "quantity_ml": null,
      "price_per_kg": null,
      "price_per_l": null
    },
    {
      "id": 4699,
      "name": "BRIO Касерола Metallica\nØ18 х 9 см",
      "store": "Kaufland",
      "price": 15.98,
      "old_price": 32.99,
      "discount_pct": 51,
      "image_url": null,
      "off_barcode": null,
      "group_id": null,
      "match_type": null,
      "match_confidence": null,
      "quantity_g": null,
      "quantity_ml": null,
      "price_per_kg": null,
      "price_per_l": null
    },
    {
      "id": 4704,
      "name": "BRIO Нож Metallica\nразлични видове",
      "store": "Kaufland",
      "price": 7.49,
      "old_price": 15.59,
      "discount_pct": 51,
      "image_url": null,
      "off_barcode": null,
      "group_id": null,
      "match_type": null,
      "match_confidence": null,
      "quantity_g": null,
      "quantity_ml": null,
      "price_per_kg": null,
      "price_per_l": null
    },
    {
      "id": 4705,
      "name": "BRIO Нож на главния готвач\nMetallica",
      "store": "Kaufland",
      "price": 7.49,
      "old_price": 15.59,
      "discount_pct": 51,
      "image_url": null,
      "off_barcode": null,
      "group_id": null,
      "match_type": null,
      "match_confidence": null,
      "quantity_g": null,
      "quantity_ml": null,
      "price_per_kg": null,
      "price_per_l": null
    },
    {
      "id": 3410,
      "name": "ELIT Кейк Milkiss\nразлични вкусове",
      "store": "Kaufland",
      "price": 0.49,
      "old_price": 1.0,
      "discount_pct": 51,
      "image_url": null,
      "off_barcode": null,
      "group_id": null,
      "match_type": null,
      "match_confidence": null,
      "quantity_g": null,
      "quantity_ml": null,
      "price_per_kg": null,
      "price_per_l": null
    },
    {
      "id": 3419,
      "name": "ELIT Мъфин\nразлични видове",
      "store": "Kaufland",
      "price": 0.49,
      "old_price": 1.0,
      "discount_pct": 51,
      "image_url": null,
      "off_barcode": null,
      "group_id": null,
      "match_type": null,
      "match_confidence": null,
      "quantity_g": null,
      "quantity_ml": null,
      "price_per_kg": null,
      "price_per_l": null
    },
    {
      "id": 956,
      "name": "Finish",
      "store": "Kaufland",
      "price": 19.93,
      "old_price": 40.9,
      "discount_pct": 51,
      "image_url": null,
      "off_barcode": null,
      "group_id": null,
      "match_type": null,
      "match_confidence": null,
      "quantity_g": null,
      "quantity_ml": null,
      "price_per_kg": null,
      "price_per_l": null
    },
    {
      "id": 1077,
      "name": "Ocean Pick",
      "store": "Kaufland",
      "price": 1.12,
      "old_price": 2.29,
      "discount_pct": 51,
      "image_url": null,
      "off_barcode": null,
      "group_id": null,
      "match_type": null,
      "match_confidence": null,
      "quantity_g": null,
      "quantity_ml": null,
      "price_per_kg": null,
      "price_per_l": null
    },
    {
      "id": 159,
      "name": "Ocean Pick Сельодка хапки\nразлични видове",
      "store": "Kaufland",
      "price": 2.19,
      "old_price": 4.48,
      "discount_pct": 51,
      "image_url": null,
      "off_barcode": null,
      "group_id": null,
      "match_type": null,
      "match_confidence": null,
      "quantity_g": null,
      "quantity_ml": null,
      "price_per_kg": null,
      "price_per_l": null
    },
    {
      "id": 3411,
      "name": "Ovi & Sari Кейк Milkiss\nразлични вкусове",
      "store": "Kaufland",
      "price": 0.49,
      "old_price": 1.0,
      "discount_pct": 51,
      "image_url": null,
      "off_barcode": null,
      "group_id": null,
      "match_type": null,
      "match_confidence": null,
      "quantity_g": null,
      "quantity_ml": null,
      "price_per_kg": null,
      "price_per_l": null
    },
    {
      "id": 3418,
      "name": "Ovi & Sari Супер мъфин",
      "store": "Kaufland",
      "price": 0.49,
      "old_price": 1.0,
      "discount_pct": 51,
      "image_url": null,
      "off_barcode": null,
      "group_id": null,
      "match_type": null,
      "match_confidence": null,
      "quantity_g": null,
      "quantity_ml": null,
      "price_per_kg": null,
      "price_per_l": null
    },
    {
      "id": 5059,
      "name": "Акумулаторен ъглов ударен гайковерт",
      "store": "Lidl",
      "price": 79.99,
      "old_price": 164.29,
      "discount_pct": 51,
      "image_url": null,
      "off_barcode": null,
      "group_id": null,
      "match_type": null,
      "match_confidence": null,
      "quantity_g": null,
      "quantity_ml": null,
      "price_per_kg": null,
      "price_per_l": null
    },
    {
      "id": 5741,
      "name": "Български спанак",
      "store": "Lidl",
      "price": 0.99,
      "old_price": 2.04,
      "discount_pct": 51,
      "image_url": null,
      "off_barcode": null,
      "group_id": null,
      "match_type": null,
      "match_confidence": null,
      "quantity_g": null,
      "quantity_ml": null,
      "price_per_kg": null,
      "price_per_l": null
    },
    {
      "id": 3407,
      "name": "Вита баничка различни видове",
      "store": "Kaufland",
      "price": 0.88,
      "old_price": 1.8,
      "discount_pct": 51,
      "image_url": null,
      "off_barcode": null,
      "group_id": null,
      "match_type": null,
      "match_confidence": null,
      "quantity_g": null,
      "quantity_ml": null,
      "price_per_kg": null,
      "price_per_l": null
    },
    {
      "id": 1444,
      "name": "Въже за простор",
      "store": "Kaufland",
      "price": 0.61,
      "old_price": 1.27,
      "discount_pct": 51,
      "image_url": null,
      "off_barcode": null,
      "group_id": null,
      "match_type": null,
      "match_confidence": null,
      "quantity_g": null,
      "quantity_ml": null,
      "price_per_kg": null,
      "price_per_l": null
    },
    {
      "id": 3408,
      "name": "Селска вита баничка от нашата пекарна",
      "store": "Kaufland",
      "price": 0.88,
      "old_price": 1.8,
      "discount_pct": 51,
      "image_url": null,
      "off_barcode": null,
      "group_id": null,
      "match_type": null,
      "match_confidence": null,
      "quantity_g": null,
      "quantity_ml": null,
      "price_per_kg": null,
      "price_per_l": null
    },
    {
      "id": 984,
      "name": "Сладея",
      "store": "Kaufland",
      "price": 0.64,
      "old_price": 1.32,
      "discount_pct": 51,
      "image_url": null,
      "off_barcode": null,
      "group_id": null,
      "match_type": null,
      "match_confidence": null,
      "quantity_g": null,
      "quantity_ml": null,
      "price_per_kg": null,
      "price_per_l": null
    },
    {
      "id": 6148,
      "name": "Хляб с картофено пюре и лук",
      "store": "Lidl",
      "price": 2.69,
      "old_price": 5.59,
      "discount_pct": 51,
      "image_url": null,
      "off_barcode": null,
      "group_id": null,
      "match_type": null,
      "match_confidence": null,
      "quantity_g": null,
      "quantity_ml": null,
      "price_per_kg": null,
      "price_per_l": null
    },
    {
      "id": 3537,
      "name": "7 up Газирана напитка",
      "store": "Kaufland",
      "price": 0.84,
      "old_price": 1.68,
      "discount_pct": 50,
      "image_url": null,
      "off_barcode": null,
      "group_id": null,
      "match_type": null,
      "match_confidence": null,
      "quantity_g": null,
      "quantity_ml": null,
      "price_per_kg": null,
      "price_per_l": null
    },
    {
      "id": 1007,
      "name": "ADIDAS",
      "store": "Kaufland",
      "price": 9.2,
      "old_price": 18.4,
      "discount_pct": 50,
      "image_url": null,
      "off_barcode": null,
      "group_id": null,
      "match_type": null,
      "match_confidence": null,
      "quantity_g": null,
      "quantity_ml": null,
      "price_per_kg": null,
      "price_per_l": null
    },
    {
      "id": 1427,
      "name": "AGLIKA",
      "store": "Kaufland",
      "price": 0.76,
      "old_price": 1.53,
      "discount_pct": 50,
      "image_url": null,
      "off_barcode": null,
      "group_id": null,
      "match_type": null,
      "match_confidence": null,
      "quantity_g": null,
      "quantity_ml": null,
      "price_per_kg": null,
      "price_per_l": null
    },
    {
      "id": 4613,
      "name": "AGLIKA Микрофибърна кърпа\n40 х 70 см",
      "store": "Kaufland",
      "price": 1.49,
      "old_price": 2.99,
      "discount_pct": 50,
      "image_url": null,
      "off_barcode": null,
      "group_id": null,
      "match_type": null,
      "match_confidence": null,
      "quantity_g": null,
      "quantity_ml": null,
      "price_per_kg": null,
      "price_per_l": null
    },
    {
      "id": 3320,
      "name": "ALOMA Сладолед\nразлични вкусове",
      "store": "Kaufland",
      "price": 6.94,
      "old_price": 13.98,
      "discount_pct": 50,
      "image_url": null,
      "off_barcode": null,
      "group_id": null,
      "match_type": null,
      "match_confidence": null,
      "quantity_g": null,
      "quantity_ml": null,
      "price_per_kg": null,
      "price_per_l": null
    },
    {
      "id": 534,
      "name": "AQUAPHOR Кана за филтриране на вода\nPrestige",
      "store": "Kaufland",
      "price": 8.98,
      "old_price": 17.99,
      "discount_pct": 50,
      "image_url": null,
      "off_barcode": null,
      "group_id": null,
      "match_type": null,
      "match_confidence": null,
      "quantity_g": null,
      "quantity_ml": null,
      "price_per_kg": null,
      "price_per_l": null
    },
    {
      "id": 1002,
      "name": "Akita",
      "store": "Kaufland",
      "price": 61.3,
      "old_price": 122.66,
      "discount_pct": 50,
      "image_url": null,
      "off_barcode": null,
      "group_id": null,
      "match_type": null,
      "match_confidence": null,
      "quantity_g": null,
      "quantity_ml": null,
      "price_per_kg": null,
      "price_per_l": null
    },
    {
      "id": 1457,
      "name": "Aqua",
      "store": "Kaufland",
      "price": 1.4,
      "old_price": 2.81,
      "discount_pct": 50,
      "image_url": null,
      "off_barcode": null,
      "group_id": null,
      "match_type": null,
      "match_confidence": null,
      "quantity_g": null,
      "quantity_ml": null,
      "price_per_kg": null,
      "price_per_l": null
    },
    {
      "id": 4714,
      "name": "Aqua Помпа за вода",
      "store": "Kaufland",
      "price": 2.74,
      "old_price": 5.5,
      "discount_pct": 50,
      "image_url": null,
      "off_barcode": null,
      "group_id": null,
      "match_type": null,
      "match_confidence": null,
      "quantity_g": null,
      "quantity_ml": null,
      "price_per_kg": null,
      "price_per_l": null
    },
    {
      "id": 4210,
      "name": "Aspasia Негазирана напитка\nразлични видове",
      "store": "Kaufland",
      "price": 1.35,
      "old_price": 2.7,
      "discount_pct": 50,
      "image_url": null,
      "off_barcode": null,
      "group_id": null,
      "match_type": null,
      "match_confidence": null,
      "quantity_g": null,
      "quantity_ml": null,
      "price_per_kg": null,
      "price_per_l": null
    },
    {
      "id": 3405,
      "name": "Atani Червен пипер\nсладък",
      "store": "Kaufland",
      "price": 1.84,
      "old_price": 3.7,
      "discount_pct": 50,
      "image_url": null,
      "off_barcode": null,
      "group_id": null,
      "match_type": null,
      "match_confidence": null,
      "quantity_g": null,
      "quantity_ml": null,
      "price_per_kg": null,
      "price_per_l": null
    },
    {
      "id": 1409,
      "name": "Ayco",
      "store": "Kaufland",
      "price": 8.17,
      "old_price": 16.36,
      "discount_pct": 50,
      "image_url": null,
      "off_barcode": null,
      "group_id": null,
      "match_type": null,
      "match_confidence": null,
      "quantity_g": null,
      "quantity_ml": null,
      "price_per_kg": null,
      "price_per_l": null
    },
    {
      "id": 4554,
      "name": "Ayco Сандвич тостер",
      "store": "Kaufland",
      "price": 15.98,
      "old_price": 32.0,
      "discount_pct": 50,
      "image_url": null,
      "off_barcode": null,
      "group_id": null,
      "match_type": null,
      "match_confidence": null,
      "quantity_g": null,
      "quantity_ml": null,
      "price_per_kg": null,
      "price_per_l": null
    },
    {
      "id": 1467,
      "name": "BELIISA",
      "store": "Kaufland",
      "price": 2.55,
      "old_price": 5.1,
      "discount_pct": 50,
      "image_url": null,
      "off_barcode": null,
      "group_id": null,
      "match_type": null,
      "match_confidence": null,
      "quantity_g": null,
      "quantity_ml": null,
      "price_per_kg": null,
      "price_per_l": null
    },
    {
      "id": 3503,
      "name": "BG LINE Локумена вафла Ретро\nразлични видове",
      "store": "Kaufland",
      "price": 0.39,
      "old_price": 0.78,
      "discount_pct": 50,
      "image_url": null,
      "off_barcode": null,
      "group_id": null,
      "match_type": null,
      "match_confidence": null,
      "quantity_g": null,
      "quantity_ml": null,
      "price_per_kg": null,
      "price_per_l": null
    },
    {
      "id": 4662,
      "name": "BRAVISSIMO Машинка за подстригване",
      "store": "Kaufland",
      "price": 10.99,
      "old_price": 21.98,
      "discount_pct": 50,
      "image_url": null,
      "off_barcode": null,
      "group_id": null,
      "match_type": null,
      "match_confidence": null,
      "quantity_g": null,
      "quantity_ml": null,
      "price_per_kg": null,
      "price_per_l": null
    },
    {
      "id": 4556,
      "name": "BRAVISSIMO Мултикукър BMC533",
      "store": "Kaufland",
      "price": 79.88,
      "old_price": 159.89,
      "discount_pct": 50,
      "image_url": null,
      "off_barcode": null,
      "group_id": null,
      "match_type": null,
      "match_confidence": null,
      "quantity_g": null,
      "quantity_ml": null,
      "price_per_kg": null,
      "price_per_l": null
    },
    {
      "id": 4643,
      "name": "BRIO Десертни вилички\nOMEGA",
      "store": "Kaufland",
      "price": 4.19,
      "old_price": 8.39,
      "discount_pct": 50,
      "image_url": null,
      "off_barcode": null,
      "group_id": null,
      "match_type": null,
      "match_confidence": null,
      "quantity_g": null,
      "quantity_ml": null,
      "price_per_kg": null,
      "price_per_l": null
    },
    {
      "id": 4646,
      "name": "BRIO Дъска за гладене\nOptima",
      "store": "Kaufland",
      "price": 27.48,
      "old_price": 55.0,
      "discount_pct": 50,
      "image_url": null,
      "off_barcode": null,
      "group_id": null,
      "match_type": null,
      "match_confidence": null,
      "quantity_g": null,
      "quantity_ml": null,
      "price_per_kg": null,
      "price_per_l": null
    },
    {
      "id": 4653,
      "name": "BRIO Електрчска мелничка",
      "store": "Kaufland",
      "price": 6.49,
      "old_price": 12.99,
      "discount_pct": 50,
      "image_url": null,
      "off_barcode": null,
      "group_id": null,
      "match_type": null,
      "match_confidence": null,
      "quantity_g": null,
      "quantity_ml": null,
      "price_per_kg": null,
      "price_per_l": null
    },
    {
      "id": 4580,
      "name": "BRIO Касерола Red Hot или\nТиган за палачинки Red Hot",
      "store": "Kaufland",
      "price": 13.98,
      "old_price": 27.99,
      "discount_pct": 50,
      "image_url": null,
      "off_barcode": null,
      "group_id": null,
      "match_type": null,
      "match_confidence": null,
      "quantity_g": null,
      "quantity_ml": null,
      "price_per_kg": null,
      "price_per_l": null
    },
    {
      "id": 4640,
      "name": "BRIO Нож OMEGA\n2 бр.",
      "store": "Kaufland",
      "price": 3.58,
      "old_price": 7.2,
      "discount_pct": 50,
      "image_url": null,
      "off_barcode": null,
      "group_id": null,
      "match_type": null,
      "match_confidence": null,
      "quantity_g": null,
      "quantity_ml": null,
      "price_per_kg": null,
      "price_per_l": null
    },
    {
      "id": 4706,
      "name": "BRIO Нож за месо Metallica",
      "store": "Kaufland",
      "price": 6.79,
      "old_price": 13.59,
      "discount_pct": 50,
      "image_url": null,
      "off_barcode": null,
      "group_id": null,
      "match_type": null,
      "match_confidence": null,
      "quantity_g": null,
      "quantity_ml": null,
      "price_per_kg": null,
      "price_per_l": null
    },
    {
      "id": 4641,
      "name": "BRIO Прибори за основно хранене\nOMEGA",
      "store": "Kaufland",
      "price": 3.58,
      "old_price": 7.2,
      "discount_pct": 50,
      "image_url": null,
      "off_barcode": null,
      "group_id": null,
      "match_type": null,
      "match_confidence": null,
      "quantity_g": null,
      "quantity_ml": null,
      "price_per_kg": null,
      "price_per_l": null
    },
    {
      "id": 4720,
      "name": "BRIO Ръчен чопър Easy&Cosy\n650 мл",
      "store": "Kaufland",
      "price": 5.98,
      "old_price": 12.07,
      "discount_pct": 50,
      "image_url": null,
      "off_barcode": null,
      "group_id": null,
      "match_type": null,
      "match_confidence": null,
      "quantity_g": null,
      "quantity_ml": 650,
      "price_per_kg": null,
      "price_per_l": 9.2
    },
    {
      "id": 536,
      "name": "BRIO Сушилник Metallica\n40,5 х 24 х 38 см",
      "store": "Kaufland",
      "price": 16.98,
      "old_price": 33.99,
      "discount_pct": 50,
      "image_url": null,
      "off_barcode": null,
      "group_id": null,
      "match_type": null,
      "match_confidence": null,
      "quantity_g": null,
      "quantity_ml": null,
      "price_per_kg": null,
      "price_per_l": null
    },
    {
      "id": 4717,
      "name": "BRIO Сушилник Rosso\nобща дължина 18 м",
      "store": "Kaufland",
      "price": 14.98,
      "old_price": 29.98,
      "discount_pct": 50,
      "image_url": null,
      "off_barcode": null,
      "group_id": null,
      "match_type": null,
      "match_confidence": null,
      "quantity_g": null,
      "quantity_ml": null,
      "price_per_kg": null,
      "price_per_l": null
    },
    {
      "id": 531,
      "name": "BRIO Тава Metallica\nØ32 х 7,6 см",
      "store": "Kaufland",
      "price": 5.98,
      "old_price": 11.99,
      "discount_pct": 50,
      "image_url": null,
      "off_barcode": null,
      "group_id": null,
      "match_type": null,
      "match_confidence": null,
      "quantity_g": null,
      "quantity_ml": null,
      "price_per_kg": null,
      "price_per_l": null
    },
    {
      "id": 4582,
      "name": "BRIO Тава Red Hot\n32 х 7 см",
      "store": "Kaufland",
      "price": 16.98,
      "old_price": 33.99,
      "discount_pct": 50,
      "image_url": null,
      "off_barcode": null,
      "group_id": null,
      "match_type": null,
      "match_confidence": null,
      "quantity_g": null,
      "quantity_ml": null,
      "price_per_kg": null,
      "price_per_l": null
    },
    {
      "id": 4589,
      "name": "BRIO Тава Red Hot\n35,5 х 24,8 х 6,2 см",
      "store": "Kaufland",
      "price": 19.99,
      "old_price": 40.0,
      "discount_pct": 50,
      "image_url": null,
      "off_barcode": null,
      "group_id": null,
      "match_type": null,
      "match_confidence": null,
      "quantity_g": null,
      "quantity_ml": null,
      "price_per_kg": null,
      "price_per_l": null
    },
    {
      "id": 4586,
      "name": "BRIO Тенджера Red Hot",
      "store": "Kaufland",
      "price": 19.48,
      "old_price": 39.0,
      "discount_pct": 50,
      "image_url": null,
      "off_barcode": null,
      "group_id": null,
      "match_type": null,
      "match_confidence": null,
      "quantity_g": null,
      "quantity_ml": null,
      "price_per_kg": null,
      "price_per_l": null
    },
    {
      "id": 4588,
      "name": "BRIO Тенджера Red Hot\n4 л, Ø24 х 10,5 см",
      "store": "Kaufland",
      "price": 24.98,
      "old_price": 49.99,
      "discount_pct": 50,
      "image_url": null,
      "off_barcode": null,
      "group_id": null,
      "match_type": null,
      "match_confidence": null,
      "quantity_g": null,
      "quantity_ml": 4000,
      "price_per_kg": null,
      "price_per_l": 6.25
    },
    {
      "id": 4587,
      "name": "BRIO Тенджера Red Hot\nØ22 х 9 см",
      "store": "Kaufland",
      "price": 21.98,
      "old_price": 43.99,
      "discount_pct": 50,
      "image_url": null,
      "off_barcode": null,
      "group_id": null,
      "match_type": null,
      "match_confidence": null,
      "quantity_g": null,
      "quantity_ml": null,
      "price_per_kg": null,
      "price_per_l": null
    },
    {
      "id": 4718,
      "name": "BRIO Термобутилка",
      "store": "Kaufland",
      "price": 2.48,
      "old_price": 4.99,
      "discount_pct": 50,
      "image_url": null,
      "off_barcode": null,
      "group_id": null,
      "match_type": null,
      "match_confidence": null,
      "quantity_g": null,
      "quantity_ml": null,
      "price_per_kg": null,
      "price_per_l": null
    },
    {
      "id": 4581,
      "name": "BRIO Тиган Red Hot",
      "store": "Kaufland",
      "price": 16.98,
      "old_price": 33.99,
      "discount_pct": 50,
      "image_url": null,
      "off_barcode": null,
      "group_id": null,
      "match_type": null,
      "match_confidence": null,
      "quantity_g": null,
      "quantity_ml": null,
      "price_per_kg": null,
      "price_per_l": null
    },
    {
      "id": 4583,
      "name": "BRIO Тиган Red Hot\nØ22 см",
      "store": "Kaufland",
      "price": 13.48,
      "old_price": 26.99,
      "discount_pct": 50,
      "image_url": null,
      "off_barcode": null,
      "group_id": null,
      "match_type": null,
      "match_confidence": null,
      "quantity_g": null,
      "quantity_ml": null,
      "price_per_kg": null,
      "price_per_l": null
    },
    {
      "id": 505,
      "name": "BRIO Тиган Red Hot\nØ24 см",
      "store": "Kaufland",
      "price": 13.48,
      "old_price": 26.99,
      "discount_pct": 50,
      "image_url": null,
      "off_barcode": null,
      "group_id": null,
      "match_type": null,
      "match_confidence": null,
      "quantity_g": null,
      "quantity_ml": null,
      "price_per_kg": null,
      "price_per_l": null
    },
    {
      "id": 4707,
      "name": "BRIO Точило за ножове\n13 x 7 см",
      "store": "Kaufland",
      "price": 9.49,
      "old_price": 18.99,
      "discount_pct": 50,
      "image_url": null,
      "off_barcode": null,
      "group_id": null,
      "match_type": null,
      "match_confidence": null,
      "quantity_g": null,
      "quantity_ml": null,
      "price_per_kg": null,
      "price_per_l": null
    },
    {
      "id": 4642,
      "name": "BRIO Чаени лъжички OMEGA",
      "store": "Kaufland",
      "price": 4.48,
      "old_price": 9.0,
      "discount_pct": 50,
      "image_url": null,
      "off_barcode": null,
      "group_id": null,
      "match_type": null,
      "match_confidence": null,
      "quantity_g": null,
      "quantity_ml": null,
      "price_per_kg": null,
      "price_per_l": null
    },
    {
      "id": 1424,
      "name": "BRIOBRIO",
      "store": "Kaufland",
      "price": 11.24,
      "old_price": 22.49,
      "discount_pct": 50,
      "image_url": null,
      "off_barcode": null,
      "group_id": null,
      "match_type": null,
      "match_confidence": null,
      "quantity_g": null,
      "quantity_ml": null,
      "price_per_kg": null,
      "price_per_l": null
    },
    {
      "id": 4585,
      "name": "BRIOBRIO Уок Тиган Red Hot",
      "store": "Kaufland",
      "price": 21.98,
      "old_price": 43.99,
      "discount_pct": 50,
      "image_url": null,
      "off_barcode": null,
      "group_id": null,
      "match_type": null,
      "match_confidence": null,
      "quantity_g": null,
      "quantity_ml": null,
      "price_per_kg": null,
      "price_per_l": null
    },
    {
      "id": 1006,
      "name": "BRUNO BANANI",
      "store": "Kaufland",
      "price": 6.12,
      "old_price": 12.26,
      "discount_pct": 50,
      "image_url": null,
      "off_barcode": null,
      "group_id": null,
      "match_type": null,
      "match_confidence": null,
      "quantity_g": null,
      "quantity_ml": null,
      "price_per_kg": null,
      "price_per_l": null
    },
    {
      "id": 3308,
      "name": "Bergader Синьо сирене",
      "store": "Kaufland",
      "price": 3.64,
      "old_price": 7.3,
      "discount_pct": 50,
      "image_url": null,
      "off_barcode": null,
      "group_id": null,
      "match_type": null,
      "match_confidence": null,
      "quantity_g": null,
      "quantity_ml": null,
      "price_per_kg": null,
      "price_per_l": null
    },
    {
      "id": 1360,
      "name": "Beta Pet",
      "store": "Kaufland",
      "price": 6.64,
      "old_price": 13.28,
      "discount_pct": 50,
      "image_url": null,
      "off_barcode": null,
      "group_id": null,
      "match_type": null,
      "match_confidence": null,
      "quantity_g": null,
      "quantity_ml": null,
      "price_per_kg": null,
      "price_per_l": null
    },
    {
      "id": 1456,
      "name": "Bohemia",
      "store": "Kaufland",
      "price": 10.22,
      "old_price": 20.45,
      "discount_pct": 50,
      "image_url": null,
      "off_barcode": null,
      "group_id": null,
      "match_type": null,
      "match_confidence": null,
      "quantity_g": null,
      "quantity_ml": null,
      "price_per_kg": null,
      "price_per_l": null
    },
    {
      "id": 4713,
      "name": "Bohemia Комплект чаши\nColumba",
      "store": "Kaufland",
      "price": 15.98,
      "old_price": 32.0,
      "discount_pct": 50,
      "image_url": null,
      "off_barcode": null,
      "group_id": null,
      "match_type": null,
      "match_confidence": null,
      "quantity_g": null,
      "quantity_ml": null,
      "price_per_kg": null,
      "price_per_l": null
    },
    {
      "id": 538,
      "name": "Bohemia Комплект чаши\nза аперитив",
      "store": "Kaufland",
      "price": 17.49,
      "old_price": 34.99,
      "discount_pct": 50,
      "image_url": null,
      "off_barcode": null,
      "group_id": null,
      "match_type": null,
      "match_confidence": null,
      "quantity_g": null,
      "quantity_ml": null,
      "price_per_kg": null,
      "price_per_l": null
    },
    {
      "id": 4710,
      "name": "Bohemia Комплект чаши Columba\n260 мл или 400 мл",
      "store": "Kaufland",
      "price": 19.99,
      "old_price": 40.0,
      "discount_pct": 50,
      "image_url": null,
      "off_barcode": null,
      "group_id": null,
      "match_type": null,
      "match_confidence": null,
      "quantity_g": null,
      "quantity_ml": 260,
      "price_per_kg": null,
      "price_per_l": 76.88
    },
    {
      "id": 4712,
      "name": "Bohemia Комплект чаши Columba\n6 бр.",
      "store": "Kaufland",
      "price": 15.98,
      "old_price": 32.0,
      "discount_pct": 50,
      "image_url": null,
      "off_barcode": null,
      "group_id": null,
      "match_type": null,
      "match_confidence": null,
      "quantity_g": null,
      "quantity_ml": null,
      "price_per_kg": null,
      "price_per_l": null
    },
    {
      "id": 4711,
      "name": "Bohemia Комплект чаши за вино\nColumba",
      "store": "Kaufland",
      "price": 19.99,
      "old_price": 40.0,
      "discount_pct": 50,
      "image_url": null,
      "off_barcode": null,
      "group_id": null,
      "match_type": null,
      "match_confidence": null,
      "quantity_g": null,
      "quantity_ml": null,
      "price_per_kg": null,
      "price_per_l": null
    },
    {
      "id": 1469,
      "name": "Bref",
      "store": "Kaufland",
      "price": 6.64,
      "old_price": 13.28,
      "discount_pct": 50,
      "image_url": null,
      "off_barcode": null,
      "group_id": null,
      "match_type": null,
      "match_confidence": null,
      "quantity_g": null,
      "quantity_ml": null,
      "price_per_kg": null,
      "price_per_l": null
    },
    {
      "id": 1113,
      "name": "CRETA FARMS",
      "store": "Kaufland",
      "price": 1.53,
      "old_price": 3.06,
      "discount_pct": 50,
      "image_url": null,
      "off_barcode": null,
      "group_id": null,
      "match_type": null,
      "match_confidence": null,
      "quantity_g": null,
      "quantity_ml": null,
      "price_per_kg": null,
      "price_per_l": null
    },
    {
      "id": 4310,
      "name": "CRETA FARMS Пилешки хапки\nзамразени, панирани",
      "store": "Kaufland",
      "price": 2.99,
      "old_price": 5.98,
      "discount_pct": 50,
      "image_url": null,
      "off_barcode": null,
      "group_id": null,
      "match_type": null,
      "match_confidence": null,
      "quantity_g": null,
      "quantity_ml": null,
      "price_per_kg": null,
      "price_per_l": null
    },
    {
      "id": 3497,
      "name": "Chio Пуканки\nразлични видове",
      "store": "Kaufland",
      "price": 0.98,
      "old_price": 1.99,
      "discount_pct": 50,
      "image_url": null,
      "off_barcode": null,
      "group_id": null,
      "match_type": null,
      "match_confidence": null,
      "quantity_g": null,
      "quantity_ml": null,
      "price_per_kg": null,
      "price_per_l": null
    },
    {
      "id": 3498,
      "name": "Chio Пуканки за микровълнова\nразлични вкусове",
      "store": "Kaufland",
      "price": 0.98,
      "old_price": 1.99,
      "discount_pct": 50,
      "image_url": null,
      "off_barcode": null,
      "group_id": null,
      "match_type": null,
      "match_confidence": null,
      "quantity_g": null,
      "quantity_ml": null,
      "price_per_kg": null,
      "price_per_l": null
    },
    {
      "id": 856,
      "name": "Claymore Уиски 0,7 л",
      "store": "Billa",
      "price": 6.64,
      "old_price": 13.29,
      "discount_pct": 50,
      "image_url": null,
      "off_barcode": null,
      "group_id": null,
      "match_type": null,
      "match_confidence": null,
      "quantity_g": null,
      "quantity_ml": 700,
      "price_per_kg": null,
      "price_per_l": 9.49
    },
    {
      "id": 3614,
      "name": "Clear Men Шампоан\nразлични видове",
      "store": "Kaufland",
      "price": 8.23,
      "old_price": 16.49,
      "discount_pct": 50,
      "image_url": null,
      "off_barcode": null,
      "group_id": null,
      "match_type": null,
      "match_confidence": null,
      "quantity_g": null,
      "quantity_ml": null,
      "price_per_kg": null,
      "price_per_l": null
    },
    {
      "id": 4557,
      "name": "Crown Индукционен котлон\nCVIC -2002",
      "store": "Kaufland",
      "price": 34.99,
      "old_price": 70.0,
      "discount_pct": 50,
      "image_url": null,
      "off_barcode": null,
      "group_id": null,
      "match_type": null,
      "match_confidence": null,
      "quantity_g": null,
      "quantity_ml": null,
      "price_per_kg": null,
      "price_per_l": null
    },
    {
      "id": 1426,
      "name": "DILIOS",
      "store": "Kaufland",
      "price": 20.44,
      "old_price": 40.9,
      "discount_pct": 50,
      "image_url": null,
      "off_barcode": null,
      "group_id": null,
      "match_type": null,
      "match_confidence": null,
      "quantity_g": null,
      "quantity_ml": null,
      "price_per_kg": null,
      "price_per_l": null
    },
    {
      "id": 4597,
      "name": "DILIOS Одеяло Онтарио\n140 х 200 см",
      "store": "Kaufland",
      "price": 24.98,
      "old_price": 49.99,
      "discount_pct": 50,
      "image_url": null,
      "off_barcode": null,
      "group_id": null,
      "match_type": null,
      "match_confidence": null,
      "quantity_g": null,
      "quantity_ml": null,
      "price_per_kg": null,
      "price_per_l": null
    },
    {
      "id": 4594,
      "name": "DILIOS Спален комплект\n3 части",
      "store": "Kaufland",
      "price": 39.98,
      "old_price": 79.99,
      "discount_pct": 50,
      "image_url": null,
      "off_barcode": null,
      "group_id": null,
      "match_type": null,
      "match_confidence": null,
      "quantity_g": null,
      "quantity_ml": null,
      "price_per_kg": null,
      "price_per_l": null
    },
    {
      "id": 4595,
      "name": "DILIOS Спален комплект\n4 части",
      "store": "Kaufland",
      "price": 54.88,
      "old_price": 109.9,
      "discount_pct": 50,
      "image_url": null,
      "off_barcode": null,
      "group_id": null,
      "match_type": null,
      "match_confidence": null,
      "quantity_g": null,
      "quantity_ml": null,
      "price_per_kg": null,
      "price_per_l": null
    },
    {
      "id": 4596,
      "name": "DILIOS Спален комплект\n5 части",
      "store": "Kaufland",
      "price": 69.88,
      "old_price": 139.9,
      "discount_pct": 50,
      "image_url": null,
      "off_barcode": null,
      "group_id": null,
      "match_type": null,
      "match_confidence": null,
      "quantity_g": null,
      "quantity_ml": null,
      "price_per_kg": null,
      "price_per_l": null
    },
    {
      "id": 3540,
      "name": "Derby Газирана напитка\nразлични вкусове",
      "store": "Kaufland",
      "price": 0.47,
      "old_price": 0.94,
      "discount_pct": 50,
      "image_url": null,
      "off_barcode": null,
      "group_id": null,
      "match_type": null,
      "match_confidence": null,
      "quantity_g": null,
      "quantity_ml": null,
      "price_per_kg": null,
      "price_per_l": null
    },
    {
      "id": 4625,
      "name": "Dilios Хавлиена кърпа Meditera\n30 x 50 см",
      "store": "Kaufland",
      "price": 2.29,
      "old_price": 4.6,
      "discount_pct": 50,
      "image_url": null,
      "off_barcode": null,
      "group_id": null,
      "match_type": null,
      "match_confidence": null,
      "quantity_g": null,
      "quantity_ml": null,
      "price_per_kg": null,
      "price_per_l": null
    },
    {
      "id": 4626,
      "name": "Dilios Хавлиена кърпа Meditera\n50 x 80 см",
      "store": "Kaufland",
      "price": 5.98,
      "old_price": 11.99,
      "discount_pct": 50,
      "image_url": null,
      "off_barcode": null,
      "group_id": null,
      "match_type": null,
      "match_confidence": null,
      "quantity_g": null,
      "quantity_ml": null,
      "price_per_kg": null,
      "price_per_l": null
    },
    {
      "id": 507,
      "name": "Dilios Хавлиена кърпа Meditera\n70 x 140 см",
      "store": "Kaufland",
      "price": 12.99,
      "old_price": 25.99,
      "discount_pct": 50,
      "image_url": null,
      "off_barcode": null,
      "group_id": null,
      "match_type": null,
      "match_confidence": null,
      "quantity_g": null,
      "quantity_ml": null,
      "price_per_kg": null,
      "price_per_l": null
    },
    {
      "id": 1437,
      "name": "Ditex",
      "store": "Kaufland",
      "price": 9.71,
      "old_price": 19.42,
      "discount_pct": 50,
      "image_url": null,
      "off_barcode": null,
      "group_id": null,
      "match_type": null,
      "match_confidence": null,
      "quantity_g": null,
      "quantity_ml": null,
      "price_per_kg": null,
      "price_per_l": null
    },
    {
      "id": 3782,
      "name": "Ditex Възглавница Премиум\n50 х 70 см",
      "store": "Kaufland",
      "price": 5.98,
      "old_price": 11.99,
      "discount_pct": 50,
      "image_url": null,
      "off_barcode": null,
      "group_id": null,
      "match_type": null,
      "match_confidence": null,
      "quantity_g": null,
      "quantity_ml": null,
      "price_per_kg": null,
      "price_per_l": null
    },
    {
      "id": 4629,
      "name": "Ditex Спален комплект Premium\n3 части",
      "store": "Kaufland",
      "price": 18.99,
      "old_price": 37.98,
      "discount_pct": 50,
      "image_url": null,
      "off_barcode": null,
      "group_id": null,
      "match_type": null,
      "match_confidence": null,
      "quantity_g": null,
      "quantity_ml": null,
      "price_per_kg": null,
      "price_per_l": null
    },
    {
      "id": 4630,
      "name": "Ditex Спален комплект Premium\n4 части",
      "store": "Kaufland",
      "price": 25.99,
      "old_price": 51.99,
      "discount_pct": 50,
      "image_url": null,
      "off_barcode": null,
      "group_id": null,
      "match_type": null,
      "match_confidence": null,
      "quantity_g": null,
      "quantity_ml": null,
      "price_per_kg": null,
      "price_per_l": null
    },
    {
      "id": 4631,
      "name": "Ditex Спален комплект Premium\n5 части",
      "store": "Kaufland",
      "price": 32.99,
      "old_price": 65.99,
      "discount_pct": 50,
      "image_url": null,
      "off_barcode": null,
      "group_id": null,
      "match_type": null,
      "match_confidence": null,
      "quantity_g": null,
      "quantity_ml": null,
      "price_per_kg": null,
      "price_per_l": null
    },
    {
      "id": 4635,
      "name": "Ditex Чаршаф\n150 х 220 см",
      "store": "Kaufland",
      "price": 9.99,
      "old_price": 19.99,
      "discount_pct": 50,
      "image_url": null,
      "off_barcode": null,
      "group_id": null,
      "match_type": null,
      "match_confidence": null,
      "quantity_g": null,
      "quantity_ml": null,
      "price_per_kg": null,
      "price_per_l": null
    },
    {
      "id": 518,
      "name": "Ditex Чаршаф\n220 х 240 см",
      "store": "Kaufland",
      "price": 14.98,
      "old_price": 29.98,
      "discount_pct": 50,
      "image_url": null,
      "off_barcode": null,
      "group_id": null,
      "match_type": null,
      "match_confidence": null,
      "quantity_g": null,
      "quantity_ml": null,
      "price_per_kg": null,
      "price_per_l": null
    },
    {
      "id": 4632,
      "name": "Ditex Чаршаф с ластик\n100 х 200 см",
      "store": "Kaufland",
      "price": 9.99,
      "old_price": 19.99,
      "discount_pct": 50,
      "image_url": null,
      "off_barcode": null,
      "group_id": null,
      "match_type": null,
      "match_confidence": null,
      "quantity_g": null,
      "quantity_ml": null,
      "price_per_kg": null,
      "price_per_l": null
    },
    {
      "id": 4633,
      "name": "Ditex Чаршаф с ластик\n160 х 200 см",
      "store": "Kaufland",
      "price": 14.98,
      "old_price": 29.98,
      "discount_pct": 50,
      "image_url": null,
      "off_barcode": null,
      "group_id": null,
      "match_type": null,
      "match_confidence": null,
      "quantity_g": null,
      "quantity_ml": null,
      "price_per_kg": null,
      "price_per_l": null
    },
    {
      "id": 4634,
      "name": "Ditex Чаршаф с ластик\n180 x 200 см",
      "store": "Kaufland",
      "price": 15.98,
      "old_price": 32.0,
      "discount_pct": 50,
      "image_url": null,
      "off_barcode": null,
      "group_id": null,
      "match_type": null,
      "match_confidence": null,
      "quantity_g": null,
      "quantity_ml": null,
      "price_per_kg": null,
      "price_per_l": null
    },
    {
      "id": 4523,
      "name": "ENERGIZER Бутонни батерии CR2032\n4 + 2 бр.",
      "store": "Kaufland",
      "price": 3.99,
      "old_price": 8.0,
      "discount_pct": 50,
      "image_url": null,
      "off_barcode": null,
      "group_id": null,
      "match_type": null,
      "match_confidence": null,
      "quantity_g": null,
      "quantity_ml": null,
      "price_per_kg": null,
      "price_per_l": null
    },
    {
      "id": 3413,
      "name": "ETI Сладкиш Popkek\nразлични вкусове",
      "store": "Kaufland",
      "price": 0.49,
      "old_price": 0.98,
      "discount_pct": 50,
      "image_url": null,
      "off_barcode": null,
      "group_id": null,
      "match_type": null,
      "match_confidence": null,
      "quantity_g": null,
      "quantity_ml": null,
      "price_per_kg": null,
      "price_per_l": null
    },
    {
      "id": 3470,
      "name": "Eduscho Мляно кафе Classic\nразлични видове",
      "store": "Kaufland",
      "price": 12.99,
      "old_price": 25.99,
      "discount_pct": 50,
      "image_url": null,
      "off_barcode": null,
      "group_id": null,
      "match_type": null,
      "match_confidence": null,
      "quantity_g": null,
      "quantity_ml": null,
      "price_per_kg": null,
      "price_per_l": null
    },
    {
      "id": 3543,
      "name": "Emine Розе вино\nЗГУ",
      "store": "Kaufland",
      "price": 7.49,
      "old_price": 14.98,
      "discount_pct": 50,
      "image_url": null,
      "off_barcode": null,
      "group_id": null,
      "match_type": null,
      "match_confidence": null,
      "quantity_g": null,
      "quantity_ml": null,
      "price_per_kg": null,
      "price_per_l": null
    },
    {
      "id": 3544,
      "name": "Emine Совиньон блан\nЗГУ",
      "store": "Kaufland",
      "price": 7.49,
      "old_price": 14.98,
      "discount_pct": 50,
      "image_url": null,
      "off_barcode": null,
      "group_id": null,
      "match_type": null,
      "match_confidence": null,
      "quantity_g": null,
      "quantity_ml": null,
      "price_per_kg": null,
      "price_per_l": null
    },
    {
      "id": 3545,
      "name": "Emine Совиньон блан\\nЗГУ",
      "store": "Kaufland",
      "price": 7.49,
      "old_price": 14.98,
      "discount_pct": 50,
      "image_url": null,
      "off_barcode": null,
      "group_id": null,
      "match_type": null,
      "match_confidence": null,
      "quantity_g": null,
      "quantity_ml": null,
      "price_per_kg": null,
      "price_per_l": null
    },
    {
      "id": 3553,
      "name": "Emine Червено, Бяло вино или Розе\nразлични сортове",
      "store": "Kaufland",
      "price": 7.49,
      "old_price": 14.98,
      "discount_pct": 50,
      "image_url": null,
      "off_barcode": null,
      "group_id": null,
      "match_type": null,
      "match_confidence": null,
      "quantity_g": null,
      "quantity_ml": null,
      "price_per_kg": null,
      "price_per_l": null
    },
    {
      "id": 1394,
      "name": "Esperanza",
      "store": "Kaufland",
      "price": 3.06,
      "old_price": 6.13,
      "discount_pct": 50,
      "image_url": null,
      "off_barcode": null,
      "group_id": null,
      "match_type": null,
      "match_confidence": null,
      "quantity_g": null,
      "quantity_ml": null,
      "price_per_kg": null,
      "price_per_l": null
    },
    {
      "id": 476,
      "name": "Esperanza Стойка за телефон Beetle",
      "store": "Kaufland",
      "price": 5.98,
      "old_price": 11.99,
      "discount_pct": 50,
      "image_url": null,
      "off_barcode": null,
      "group_id": null,
      "match_type": null,
      "match_confidence": null,
      "quantity_g": null,
      "quantity_ml": null,
      "price_per_kg": null,
      "price_per_l": null
    },
    {
      "id": 1465,
      "name": "Eti Popkek",
      "store": "Kaufland",
      "price": 2.14,
      "old_price": 4.28,
      "discount_pct": 50,
      "image_url": null,
      "off_barcode": null,
      "group_id": null,
      "match_type": null,
      "match_confidence": null,
      "quantity_g": null,
      "quantity_ml": null,
      "price_per_kg": null,
      "price_per_l": null
    },
    {
      "id": 3412,
      "name": "Eti Рopkek\nразлични вкусове",
      "store": "Kaufland",
      "price": 0.49,
      "old_price": 0.98,
      "discount_pct": 50,
      "image_url": null,
      "off_barcode": null,
      "group_id": null,
      "match_type": null,
      "match_confidence": null,
      "quantity_g": null,
      "quantity_ml": null,
      "price_per_kg": null,
      "price_per_l": null
    },
    {
      "id": 1118,
      "name": "FAMILIA Collection",
      "store": "Kaufland",
      "price": 3.19,
      "old_price": 6.39,
      "discount_pct": 50,
      "image_url": null,
      "off_barcode": null,
      "group_id": null,
      "match_type": null,
      "match_confidence": null,
      "quantity_g": null,
      "quantity_ml": null,
      "price_per_kg": null,
      "price_per_l": null
    },
    {
      "id": 199,
      "name": "FAMILIA Collection Сладолед\nразлични вкусове",
      "store": "Kaufland",
      "price": 6.24,
      "old_price": 12.5,
      "discount_pct": 50,
      "image_url": null,
      "off_barcode": null,
      "group_id": null,
      "match_type": null,
      "match_confidence": null,
      "quantity_g": null,
      "quantity_ml": null,
      "price_per_kg": null,
      "price_per_l": null
    },
    {
      "id": 3278,
      "name": "FEELO Пушена сьомга",
      "store": "Kaufland",
      "price": 3.99,
      "old_price": 7.98,
      "discount_pct": 50,
      "image_url": null,
      "off_barcode": null,
      "group_id": null,
      "match_type": null,
      "match_confidence": null,
      "quantity_g": null,
      "quantity_ml": null,
      "price_per_kg": null,
      "price_per_l": null
    },
    {
      "id": 1405,
      "name": "FIRST",
      "store": "Kaufland",
      "price": 20.44,
      "old_price": 40.9,
      "discount_pct": 50,
      "image_url": null,
      "off_barcode": null,
      "group_id": null,
      "match_type": null,
      "match_confidence": null,
      "quantity_g": null,
      "quantity_ml": null,
      "price_per_kg": null,
      "price_per_l": null
    },
    {
      "id": 4550,
      "name": "FIRST Контакт грил FA-5343-4",
      "store": "Kaufland",
      "price": 39.98,
      "old_price": 79.99,
      "discount_pct": 50,
      "image_url": null,
      "off_barcode": null,
      "group_id": null,
      "match_type": null,
      "match_confidence": null,
      "quantity_g": null,
      "quantity_ml": null,
      "price_per_kg": null,
      "price_per_l": null
    },
    {
      "id": 1381,
      "name": "Free Time",
      "store": "Kaufland",
      "price": 0.32,
      "old_price": 0.64,
      "discount_pct": 50,
      "image_url": null,
      "off_barcode": null,
      "group_id": null,
      "match_type": null,
      "match_confidence": null,
      "quantity_g": null,
      "quantity_ml": null,
      "price_per_kg": null,
      "price_per_l": null
    },
    {
      "id": 89,
      "name": "GEMBIRD Безжични слушалки\nFitEar-X300B",
      "store": "Kaufland",
      "price": 14.98,
      "old_price": 29.98,
      "discount_pct": 50,
      "image_url": null,
      "off_barcode": null,
      "group_id": null,
      "match_type": null,
      "match_confidence": null,
      "quantity_g": null,
      "quantity_ml": null,
      "price_per_kg": null,
      "price_per_l": null
    },
    {
      "id": 3504,
      "name": "Gala Мляно кафе\nAla Carte",
      "store": "Kaufland",
      "price": 14.98,
      "old_price": 29.98,
      "discount_pct": 50,
      "image_url": null,
      "off_barcode": null,
      "group_id": null,
      "match_type": null,
      "match_confidence": null,
      "quantity_g": null,
      "quantity_ml": null,
      "price_per_kg": null,
      "price_per_l": null
    },
    {
      "id": 80,
      "name": "Gembird ТВ стойка",
      "store": "Kaufland",
      "price": 14.98,
      "old_price": 29.98,
      "discount_pct": 50,
      "image_url": null,
      "off_barcode": null,
      "group_id": null,
      "match_type": null,
      "match_confidence": null,
      "quantity_g": null,
      "quantity_ml": null,
      "price_per_kg": null,
      "price_per_l": null
    },
    {
      "id": 3619,
      "name": "Genera Течен сапун\nразлични видове",
      "store": "Kaufland",
      "price": 3.15,
      "old_price": 6.3,
      "discount_pct": 50,
      "image_url": null,
      "off_barcode": null,
      "group_id": null,
      "match_type": null,
      "match_confidence": null,
      "quantity_g": null,
      "quantity_ml": null,
      "price_per_kg": null,
      "price_per_l": null
    },
    {
      "id": 3608,
      "name": "Gillette Пяна за бръснене\nразлични видове",
      "store": "Kaufland",
      "price": 3.48,
      "old_price": 6.98,
      "discount_pct": 50,
      "image_url": null,
      "off_barcode": null,
      "group_id": null,
      "match_type": null,
      "match_confidence": null,
      "quantity_g": null,
      "quantity_ml": null,
      "price_per_kg": null,
      "price_per_l": null
    },
    {
      "id": 487,
      "name": "HOME PRACTIC",
      "store": "Kaufland",
      "price": 10.22,
      "old_price": 20.45,
      "discount_pct": 50,
      "image_url": null,
      "off_barcode": null,
      "group_id": null,
      "match_type": null,
      "match_confidence": null,
      "quantity_g": null,
      "quantity_ml": null,
      "price_per_kg": null,
      "price_per_l": null
    },
    {
      "id": 4551,
      "name": "HOME PRACTIC Уред за вакуумиране",
      "store": "Kaufland",
      "price": 19.99,
      "old_price": 40.0,
      "discount_pct": 50,
      "image_url": null,
      "off_barcode": null,
      "group_id": null,
      "match_type": null,
      "match_confidence": null,
      "quantity_g": null,
      "quantity_ml": null,
      "price_per_kg": null,
      "price_per_l": null
    },
    {
      "id": 524,
      "name": "Home Practic Комплект микрофибърни кърпи",
      "store": "Kaufland",
      "price": 1.58,
      "old_price": 3.19,
      "discount_pct": 50,
      "image_url": null,
      "off_barcode": null,
      "group_id": null,
      "match_type": null,
      "match_confidence": null,
      "quantity_g": null,
      "quantity_ml": null,
      "price_per_kg": null,
      "price_per_l": null
    },
    {
      "id": 522,
      "name": "Home Practic Сгъваем стол",
      "store": "Kaufland",
      "price": 9.99,
      "old_price": 19.99,
      "discount_pct": 50,
      "image_url": null,
      "off_barcode": null,
      "group_id": null,
      "match_type": null,
      "match_confidence": null,
      "quantity_g": null,
      "quantity_ml": null,
      "price_per_kg": null,
      "price_per_l": null
    },
    {
      "id": 4615,
      "name": "Home Practic Стълба\n3 стъпала",
      "store": "Kaufland",
      "price": 34.99,
      "old_price": 70.0,
      "discount_pct": 50,
      "image_url": null,
      "off_barcode": null,
      "group_id": null,
      "match_type": null,
      "match_confidence": null,
      "quantity_g": null,
      "quantity_ml": null,
      "price_per_kg": null,
      "price_per_l": null
    },
    {
      "id": 1001,
      "name": "KINGSHILL",
      "store": "Kaufland",
      "price": 12.77,
      "old_price": 25.55,
      "discount_pct": 50,
      "image_url": null,
      "off_barcode": null,
      "group_id": null,
      "match_type": null,
      "match_confidence": null,
      "quantity_g": null,
      "quantity_ml": null,
      "price_per_kg": null,
      "price_per_l": null
    },
    {
      "id": 3458,
      "name": "Krina Захар\nкафява, тръстикова",
      "store": "Kaufland",
      "price": 1.43,
      "old_price": 2.86,
      "discount_pct": 50,
      "image_url": null,
      "off_barcode": null,
      "group_id": null,
      "match_type": null,
      "match_confidence": null,
      "quantity_g": null,
      "quantity_ml": null,
      "price_per_kg": null,
      "price_per_l": null
    },
    {
      "id": 3309,
      "name": "LB Bulgaricum Сирене\nот краве мляко",
      "store": "Kaufland",
      "price": 8.49,
      "old_price": 17.0,
      "discount_pct": 50,
      "image_url": null,
      "off_barcode": null,
      "group_id": null,
      "match_type": null,
      "match_confidence": null,
      "quantity_g": null,
      "quantity_ml": null,
      "price_per_kg": null,
      "price_per_l": null
    },
    {
      "id": 504,
      "name": "LUMINARC",
      "store": "Kaufland",
      "price": 2.55,
      "old_price": 5.1,
      "discount_pct": 50,
      "image_url": null,
      "off_barcode": null,
      "group_id": null,
      "match_type": null,
      "match_confidence": null,
      "quantity_g": null,
      "quantity_ml": null,
      "price_per_kg": null,
      "price_per_l": null
    },
    {
      "id": 4577,
      "name": "LUMINARC Десертна чиния Harena\nØ19 см",
      "store": "Kaufland",
      "price": 2.19,
      "old_price": 4.38,
      "discount_pct": 50,
      "image_url": null,
      "off_barcode": null,
      "group_id": null,
      "match_type": null,
      "match_confidence": null,
      "quantity_g": null,
      "quantity_ml": null,
      "price_per_kg": null,
      "price_per_l": null
    },
    {
      "id": 4578,
      "name": "LUMINARC Купа за салата Harena\nØ27 см",
      "store": "Kaufland",
      "price": 7.49,
      "old_price": 14.98,
      "discount_pct": 50,
      "image_url": null,
      "off_barcode": null,
      "group_id": null,
      "match_type": null,
      "match_confidence": null,
      "quantity_g": null,
      "quantity_ml": null,
      "price_per_kg": null,
      "price_per_l": null
    },
    {
      "id": 4579,
      "name": "LUMINARC Чиния Harena Ø23 см\nили Купа Harena Ø16 см",
      "store": "Kaufland",
      "price": 2.39,
      "old_price": 4.79,
      "discount_pct": 50,
      "image_url": null,
      "off_barcode": null,
      "group_id": null,
      "match_type": null,
      "match_confidence": null,
      "quantity_g": null,
      "quantity_ml": null,
      "price_per_kg": null,
      "price_per_l": null
    },
    {
      "id": 3601,
      "name": "Lactacyd Гел за интимна хигиена\nразлични видове",
      "store": "Kaufland",
      "price": 6.98,
      "old_price": 13.98,
      "discount_pct": 50,
      "image_url": null,
      "off_barcode": null,
      "group_id": null,
      "match_type": null,
      "match_confidence": null,
      "quantity_g": null,
      "quantity_ml": null,
      "price_per_kg": null,
      "price_per_l": null
    },
    {
      "id": 3602,
      "name": "Lactacyd Интимен гел\nразлични видове",
      "store": "Kaufland",
      "price": 6.98,
      "old_price": 13.98,
      "discount_pct": 50,
      "image_url": null,
      "off_barcode": null,
      "group_id": null,
      "match_type": null,
      "match_confidence": null,
      "quantity_g": null,
      "quantity_ml": null,
      "price_per_kg": null,
      "price_per_l": null
    },
    {
      "id": 3888,
      "name": "Laica Филтрираща бутилка\nFast Disk",
      "store": "Kaufland",
      "price": 11.99,
      "old_price": 24.0,
      "discount_pct": 50,
      "image_url": null,
      "off_barcode": null,
      "group_id": null,
      "match_type": null,
      "match_confidence": null,
      "quantity_g": null,
      "quantity_ml": null,
      "price_per_kg": null,
      "price_per_l": null
    },
    {
      "id": 3891,
      "name": "Laica Филтрираща кана Prime Line\n3 л + 2 филтъра",
      "store": "Kaufland",
      "price": 29.98,
      "old_price": 59.99,
      "discount_pct": 50,
      "image_url": null,
      "off_barcode": null,
      "group_id": null,
      "match_type": null,
      "match_confidence": null,
      "quantity_g": null,
      "quantity_ml": 3000,
      "price_per_kg": null,
      "price_per_l": 9.99
    },
    {
      "id": 12,
      "name": "Luminarc Чаша за топли\nнапитки Flashy",
      "store": "Kaufland",
      "price": 3.99,
      "old_price": 8.0,
      "discount_pct": 50,
      "image_url": null,
      "off_barcode": null,
      "group_id": null,
      "match_type": null,
      "match_confidence": null,
      "quantity_g": null,
      "quantity_ml": null,
      "price_per_kg": null,
      "price_per_l": null
    },
    {
      "id": 3328,
      "name": "MASTER GOOD Пилешки дробчета\nзамразени",
      "store": "Kaufland",
      "price": 1.49,
      "old_price": 2.99,
      "discount_pct": 50,
      "image_url": null,
      "off_barcode": null,
      "group_id": null,
      "match_type": null,
      "match_confidence": null,
      "quantity_g": null,
      "quantity_ml": null,
      "price_per_kg": null,
      "price_per_l": null
    },
    {
      "id": 985,
      "name": "MEAT REVOLUTION",
      "store": "Kaufland",
      "price": 6.13,
      "old_price": 12.26,
      "discount_pct": 50,
      "image_url": null,
      "off_barcode": null,
      "group_id": null,
      "match_type": null,
      "match_confidence": null,
      "quantity_g": null,
      "quantity_ml": null,
      "price_per_kg": null,
      "price_per_l": null
    },
    {
      "id": 3508,
      "name": "MELITTA Кафе на зърна\nразлични видове",
      "store": "Kaufland",
      "price": 33.99,
      "old_price": 67.98,
      "discount_pct": 50,
      "image_url": null,
      "off_barcode": null,
      "group_id": null,
      "match_type": null,
      "match_confidence": null,
      "quantity_g": null,
      "quantity_ml": null,
      "price_per_kg": null,
      "price_per_l": null
    },
    {
      "id": 3310,
      "name": "MILKI DREAM Кашкавал\nот краве мляко",
      "store": "Kaufland",
      "price": 5.38,
      "old_price": 10.8,
      "discount_pct": 50,
      "image_url": null,
      "off_barcode": null,
      "group_id": null,
      "match_type": null,
      "match_confidence": null,
      "quantity_g": null,
      "quantity_ml": null,
      "price_per_kg": null,
      "price_per_l": null
    },
    {
      "id": 94,
      "name": "Media Range USB памет\n128 GB",
      "store": "Kaufland",
      "price": 5.98,
      "old_price": 12.07,
      "discount_pct": 50,
      "image_url": null,
      "off_barcode": null,
      "group_id": null,
      "match_type": null,
      "match_confidence": null,
      "quantity_g": 128,
      "quantity_ml": null,
      "price_per_kg": 46.72,
      "price_per_l": null
    },
    {
      "id": 3506,
      "name": "Melitta Кафе на зърна",
      "store": "Kaufland",
      "price": 33.99,
      "old_price": 67.98,
      "discount_pct": 50,
      "image_url": null,
      "off_barcode": null,
      "group_id": null,
      "match_type": null,
      "match_confidence": null,
      "quantity_g": null,
      "quantity_ml": null,
      "price_per_kg": null,
      "price_per_l": null
    },
    {
      "id": 3404,
      "name": "Milka Лешниково-какаов крем",
      "store": "Kaufland",
      "price": 8.49,
      "old_price": 17.0,
      "discount_pct": 50,
      "image_url": null,
      "off_barcode": null,
      "group_id": null,
      "match_type": null,
      "match_confidence": null,
      "quantity_g": null,
      "quantity_ml": null,
      "price_per_kg": null,
      "price_per_l": null
    },
    {
      "id": 1468,
      "name": "Milka/ Oreo/ Toblerone",
      "store": "Kaufland",
      "price": 3.06,
      "old_price": 6.12,
      "discount_pct": 50,
      "image_url": null,
      "off_barcode": null,
      "group_id": null,
      "match_type": null,
      "match_confidence": null,
      "quantity_g": null,
      "quantity_ml": null,
      "price_per_kg": null,
      "price_per_l": null
    },
    {
      "id": 550,
      "name": "Milka/ Oreo/ Toblerone Сладолед\nразлични вкусове",
      "store": "Kaufland",
      "price": 5.98,
      "old_price": 11.97,
      "discount_pct": 50,
      "image_url": null,
      "off_barcode": null,
      "group_id": null,
      "match_type": null,
      "match_confidence": null,
      "quantity_g": null,
      "quantity_ml": null,
      "price_per_kg": null,
      "price_per_l": null
    },
    {
      "id": 472,
      "name": "Motorola Бебефон PIP 11",
      "store": "Kaufland",
      "price": 14.98,
      "old_price": 29.98,
      "discount_pct": 50,
      "image_url": null,
      "off_barcode": null,
      "group_id": null,
      "match_type": null,
      "match_confidence": null,
      "quantity_g": null,
      "quantity_ml": null,
      "price_per_kg": null,
      "price_per_l": null
    },
    {
      "id": 528,
      "name": "Muhler Четка за тоалетна",
      "store": "Kaufland",
      "price": 4.99,
      "old_price": 9.99,
      "discount_pct": 50,
      "image_url": null,
      "off_barcode": null,
      "group_id": null,
      "match_type": null,
      "match_confidence": null,
      "quantity_g": null,
      "quantity_ml": null,
      "price_per_kg": null,
      "price_per_l": null
    },
    {
      "id": 3607,
      "name": "Nancy Тоалетен сапун\nвитамин Е и морков",
      "store": "Kaufland",
      "price": 1.23,
      "old_price": 2.48,
      "discount_pct": 50,
      "image_url": null,
      "off_barcode": null,
      "group_id": null,
      "match_type": null,
      "match_confidence": null,
      "quantity_g": null,
      "quantity_ml": null,
      "price_per_kg": null,
      "price_per_l": null
    },
    {
      "id": 3606,
      "name": "Nancy Тоалетен сапун\nмляко и бадем",
      "store": "Kaufland",
      "price": 1.23,
      "old_price": 2.48,
      "discount_pct": 50,
      "image_url": null,
      "off_barcode": null,
      "group_id": null,
      "match_type": null,
      "match_confidence": null,
      "quantity_g": null,
      "quantity_ml": null,
      "price_per_kg": null,
      "price_per_l": null
    },
    {
      "id": 3605,
      "name": "Nancy Тоалетен сапун\nразлични видове",
      "store": "Kaufland",
      "price": 1.23,
      "old_price": 2.48,
      "discount_pct": 50,
      "image_url": null,
      "off_barcode": null,
      "group_id": null,
      "match_type": null,
      "match_confidence": null,
      "quantity_g": null,
      "quantity_ml": null,
      "price_per_kg": null,
      "price_per_l": null
    },
    {
      "id": 1462,
      "name": "Natura",
      "store": "Kaufland",
      "price": 1.73,
      "old_price": 3.46,
      "discount_pct": 50,
      "image_url": null,
      "off_barcode": null,
      "group_id": null,
      "match_type": null,
      "match_confidence": null,
      "quantity_g": null,
      "quantity_ml": null,
      "price_per_kg": null,
      "price_per_l": null
    },
    {
      "id": 4722,
      "name": "Natura Леща екстра",
      "store": "Kaufland",
      "price": 3.38,
      "old_price": 6.77,
      "discount_pct": 50,
      "image_url": null,
      "off_barcode": null,
      "group_id": null,
      "match_type": null,
      "match_confidence": null,
      "quantity_g": null,
      "quantity_ml": null,
      "price_per_kg": null,
      "price_per_l": null
    },
    {
      "id": 3277,
      "name": "Ocean Fish Херинга филе\nразлични видове",
      "store": "Kaufland",
      "price": 2.64,
      "old_price": 5.28,
      "discount_pct": 50,
      "image_url": null,
      "off_barcode": null,
      "group_id": null,
      "match_type": null,
      "match_confidence": null,
      "quantity_g": null,
      "quantity_ml": null,
      "price_per_kg": null,
      "price_per_l": null
    },
    {
      "id": 3620,
      "name": "Ola Тампони за почистване\n120 бр.",
      "store": "Kaufland",
      "price": 1.43,
      "old_price": 2.86,
      "discount_pct": 50,
      "image_url": null,
      "off_barcode": null,
      "group_id": null,
      "match_type": null,
      "match_confidence": null,
      "quantity_g": null,
      "quantity_ml": null,
      "price_per_kg": null,
      "price_per_l": null
    },
    {
      "id": 1392,
      "name": "Osram",
      "store": "Kaufland",
      "price": 1.27,
      "old_price": 2.55,
      "discount_pct": 50,
      "image_url": null,
      "off_barcode": null,
      "group_id": null,
      "match_type": null,
      "match_confidence": null,
      "quantity_g": null,
      "quantity_ml": null,
      "price_per_kg": null,
      "price_per_l": null
    },
    {
      "id": 4527,
      "name": "Osram LED Star лампа\n4,9 W",
      "store": "Kaufland",
      "price": 2.48,
      "old_price": 4.99,
      "discount_pct": 50,
      "image_url": null,
      "off_barcode": null,
      "group_id": null,
      "match_type": null,
      "match_confidence": null,
      "quantity_g": null,
      "quantity_ml": null,
      "price_per_kg": null,
      "price_per_l": null
    },
    {
      "id": 3547,
      "name": "PEPSI/ MIRINDA/ 7 UP",
      "store": "Kaufland",
      "price": 0.84,
      "old_price": 1.68,
      "discount_pct": 50,
      "image_url": null,
      "off_barcode": null,
      "group_id": null,
      "match_type": null,
      "match_confidence": null,
      "quantity_g": null,
      "quantity_ml": null,
      "price_per_kg": null,
      "price_per_l": null
    },
    {
      "id": 3546,
      "name": "PEPSI/ MIRINDA/ 7 UP Газирана напитка\nразлични видове",
      "store": "Kaufland",
      "price": 0.84,
      "old_price": 1.68,
      "discount_pct": 50,
      "image_url": null,
      "off_barcode": null,
      "group_id": null,
      "match_type": null,
      "match_confidence": null,
      "quantity_g": null,
      "quantity_ml": null,
      "price_per_kg": null,
      "price_per_l": null
    },
    {
      "id": 3691,
      "name": "PERFEX Тоалетна хартия\nтрипластова",
      "store": "Kaufland",
      "price": 9.49,
      "old_price": 18.99,
      "discount_pct": 50,
      "image_url": null,
      "off_barcode": null,
      "group_id": null,
      "match_type": null,
      "match_confidence": null,
      "quantity_g": null,
      "quantity_ml": null,
      "price_per_kg": null,
      "price_per_l": null
    },
    {
      "id": 315,
      "name": "PERGALE",
      "store": "Kaufland",
      "price": 1.53,
      "old_price": 3.06,
      "discount_pct": 50,
      "image_url": null,
      "off_barcode": null,
      "group_id": null,
      "match_type": null,
      "match_confidence": null,
      "quantity_g": null,
      "quantity_ml": null,
      "price_per_kg": null,
      "price_per_l": null
    },
    {
      "id": 4360,
      "name": "PERGALE Бонбони асорти\nизбрани видове",
      "store": "Kaufland",
      "price": 2.99,
      "old_price": 5.98,
      "discount_pct": 50,
      "image_url": null,
      "off_barcode": null,
      "group_id": null,
      "match_type": null,
      "match_confidence": null,
      "quantity_g": null,
      "quantity_ml": null,
      "price_per_kg": null,
      "price_per_l": null
    },
    {
      "id": 533,
      "name": "PYREX Купа",
      "store": "Kaufland",
      "price": 8.98,
      "old_price": 17.99,
      "discount_pct": 50,
      "image_url": null,
      "off_barcode": null,
      "group_id": null,
      "match_type": null,
      "match_confidence": null,
      "quantity_g": null,
      "quantity_ml": null,
      "price_per_kg": null,
      "price_per_l": null
    },
    {
      "id": 4661,
      "name": "PYREX Форма за печене или Купа",
      "store": "Kaufland",
      "price": 8.98,
      "old_price": 17.99,
      "discount_pct": 50,
      "image_url": null,
      "off_barcode": null,
      "group_id": null,
      "match_type": null,
      "match_confidence": null,
      "quantity_g": null,
      "quantity_ml": null,
      "price_per_kg": null,
      "price_per_l": null
    },
    {
      "id": 3394,
      "name": "Panino Хималайска сол",
      "store": "Kaufland",
      "price": 1.35,
      "old_price": 2.7,
      "discount_pct": 50,
      "image_url": null,
      "off_barcode": null,
      "group_id": null,
      "match_type": null,
      "match_confidence": null,
      "quantity_g": null,
      "quantity_ml": null,
      "price_per_kg": null,
      "price_per_l": null
    },
    {
      "id": 3688,
      "name": "Papia Тоалeтна хартия\nразлични видове",
      "store": "Kaufland",
      "price": 14.98,
      "old_price": 29.98,
      "discount_pct": 50,
      "image_url": null,
      "off_barcode": null,
      "group_id": null,
      "match_type": null,
      "match_confidence": null,
      "quantity_g": null,
      "quantity_ml": null,
      "price_per_kg": null,
      "price_per_l": null
    },
    {
      "id": 3690,
      "name": "Papia Тоалeтна хартия\\nразлични видове",
      "store": "Kaufland",
      "price": 14.98,
      "old_price": 29.98,
      "discount_pct": 50,
      "image_url": null,
      "off_barcode": null,
      "group_id": null,
      "match_type": null,
      "match_confidence": null,
      "quantity_g": null,
      "quantity_ml": null,
      "price_per_kg": null,
      "price_per_l": null
    },
    {
      "id": 3548,
      "name": "Pepsi Twist Газирана напитка",
      "store": "Kaufland",
      "price": 0.84,
      "old_price": 1.68,
      "discount_pct": 50,
      "image_url": null,
      "off_barcode": null,
      "group_id": "g_4e732ced",
      "match_type": "name_similarity",
      "match_confidence": 0.79,
      "quantity_g": null,
      "quantity_ml": null,
      "price_per_kg": null,
      "price_per_l": null
    },
    {
      "id": 314,
      "name": "Pergale Шоколадови бонбони\nасорти",
      "store": "Kaufland",
      "price": 2.99,
      "old_price": 5.98,
      "discount_pct": 50,
      "image_url": null,
      "off_barcode": null,
      "group_id": null,
      "match_type": null,
      "match_confidence": null,
      "quantity_g": null,
      "quantity_ml": null,
      "price_per_kg": null,
      "price_per_l": null
    },
    {
      "id": 3363,
      "name": "Pescado Бял боб, Нахут,  Леща или\nГрах",
      "store": "Kaufland",
      "price": 1.99,
      "old_price": 3.99,
      "discount_pct": 50,
      "image_url": null,
      "off_barcode": null,
      "group_id": null,
      "match_type": null,
      "match_confidence": null,
      "quantity_g": null,
      "quantity_ml": null,
      "price_per_kg": null,
      "price_per_l": null
    },
    {
      "id": 3500,
      "name": "Preciozo Трюфели\nизбрани видове",
      "store": "Kaufland",
      "price": 3.34,
      "old_price": 6.69,
      "discount_pct": 50,
      "image_url": null,
      "off_barcode": null,
      "group_id": null,
      "match_type": null,
      "match_confidence": null,
      "quantity_g": null,
      "quantity_ml": null,
      "price_per_kg": null,
      "price_per_l": null
    },
    {
      "id": 3499,
      "name": "Preciozo Трюфели\nразлични видове",
      "store": "Kaufland",
      "price": 3.34,
      "old_price": 6.69,
      "discount_pct": 50,
      "image_url": null,
      "off_barcode": null,
      "group_id": null,
      "match_type": null,
      "match_confidence": null,
      "quantity_g": null,
      "quantity_ml": null,
      "price_per_kg": null,
      "price_per_l": null
    },
    {
      "id": 3550,
      "name": "Prisun Горски плод",
      "store": "Kaufland",
      "price": 0.84,
      "old_price": 1.68,
      "discount_pct": 50,
      "image_url": null,
      "off_barcode": null,
      "group_id": null,
      "match_type": null,
      "match_confidence": null,
      "quantity_g": null,
      "quantity_ml": null,
      "price_per_kg": null,
      "price_per_l": null
    },
    {
      "id": 3551,
      "name": "Prisun Негазирана напитка\nпортокал",
      "store": "Kaufland",
      "price": 0.84,
      "old_price": 1.68,
      "discount_pct": 50,
      "image_url": null,
      "off_barcode": null,
      "group_id": "g_02e74f10",
      "match_type": "name_similarity",
      "match_confidence": 0.79,
      "quantity_g": null,
      "quantity_ml": null,
      "price_per_kg": null,
      "price_per_l": null
    },
    {
      "id": 3552,
      "name": "Prisun Негазирана напитка\nябълка",
      "store": "Kaufland",
      "price": 0.84,
      "old_price": 1.68,
      "discount_pct": 50,
      "image_url": null,
      "off_barcode": null,
      "group_id": null,
      "match_type": null,
      "match_confidence": null,
      "quantity_g": null,
      "quantity_ml": null,
      "price_per_kg": null,
      "price_per_l": null
    },
    {
      "id": 3549,
      "name": "Prisun Плодова напитка\nразлични вкусове",
      "store": "Kaufland",
      "price": 0.84,
      "old_price": 1.68,
      "discount_pct": 50,
      "image_url": null,
      "off_barcode": null,
      "group_id": null,
      "match_type": null,
      "match_confidence": null,
      "quantity_g": null,
      "quantity_ml": null,
      "price_per_kg": null,
      "price_per_l": null
    },
    {
      "id": 1447,
      "name": "QLUX",
      "store": "Kaufland",
      "price": 3.57,
      "old_price": 7.15,
      "discount_pct": 50,
      "image_url": null,
      "off_barcode": null,
      "group_id": null,
      "match_type": null,
      "match_confidence": null,
      "quantity_g": null,
      "quantity_ml": null,
      "price_per_kg": null,
      "price_per_l": null
    },
    {
      "id": 529,
      "name": "QLUX Гевгир",
      "store": "Kaufland",
      "price": 6.98,
      "old_price": 13.98,
      "discount_pct": 50,
      "image_url": null,
      "off_barcode": null,
      "group_id": null,
      "match_type": null,
      "match_confidence": null,
      "quantity_g": null,
      "quantity_ml": null,
      "price_per_kg": null,
      "price_per_l": null
    },
    {
      "id": 3892,
      "name": "ROSO Пресен пилешки бут\nс част от гърба",
      "store": "Kaufland",
      "price": 29.98,
      "old_price": 59.99,
      "discount_pct": 50,
      "image_url": null,
      "off_barcode": null,
      "group_id": null,
      "match_type": null,
      "match_confidence": null,
      "quantity_g": null,
      "quantity_ml": null,
      "price_per_kg": null,
      "price_per_l": null
    },
    {
      "id": 4032,
      "name": "Roli Абразивен препарат\nразлични видове",
      "store": "Kaufland",
      "price": 2.68,
      "old_price": 5.36,
      "discount_pct": 50,
      "image_url": null,
      "off_barcode": null,
      "group_id": null,
      "match_type": null,
      "match_confidence": null,
      "quantity_g": null,
      "quantity_ml": null,
      "price_per_kg": null,
      "price_per_l": null
    },
    {
      "id": 168,
      "name": "Roshen Аерошоколад\nразлични видове",
      "store": "Kaufland",
      "price": 3.19,
      "old_price": 6.38,
      "discount_pct": 50,
      "image_url": null,
      "off_barcode": null,
      "group_id": null,
      "match_type": null,
      "match_confidence": null,
      "quantity_g": null,
      "quantity_ml": null,
      "price_per_kg": null,
      "price_per_l": null
    },
    {
      "id": 3618,
      "name": "Safeguard Течен сапун\nTropical",
      "store": "Kaufland",
      "price": 3.15,
      "old_price": 6.3,
      "discount_pct": 50,
      "image_url": null,
      "off_barcode": null,
      "group_id": null,
      "match_type": null,
      "match_confidence": null,
      "quantity_g": null,
      "quantity_ml": null,
      "price_per_kg": null,
      "price_per_l": null
    },
    {
      "id": 3617,
      "name": "Safeguard Течен сапун\nразлични видове",
      "store": "Kaufland",
      "price": 3.15,
      "old_price": 6.3,
      "discount_pct": 50,
      "image_url": null,
      "off_barcode": null,
      "group_id": null,
      "match_type": null,
      "match_confidence": null,
      "quantity_g": null,
      "quantity_ml": null,
      "price_per_kg": null,
      "price_per_l": null
    },
    {
      "id": 3501,
      "name": "Simsek Windy Бисквити сандвич\nс какаов крем",
      "store": "Kaufland",
      "price": 1.11,
      "old_price": 2.25,
      "discount_pct": 50,
      "image_url": null,
      "off_barcode": null,
      "group_id": null,
      "match_type": null,
      "match_confidence": null,
      "quantity_g": null,
      "quantity_ml": null,
      "price_per_kg": null,
      "price_per_l": null
    },
    {
      "id": 1433,
      "name": "Sleep me",
      "store": "Kaufland",
      "price": 5.11,
      "old_price": 10.22,
      "discount_pct": 50,
      "image_url": null,
      "off_barcode": null,
      "group_id": null,
      "match_type": null,
      "match_confidence": null,
      "quantity_g": null,
      "quantity_ml": null,
      "price_per_kg": null,
      "price_per_l": null
    },
    {
      "id": 4620,
      "name": "Sleep me Възглавница Blue Mood\n50 х 70 см",
      "store": "Kaufland",
      "price": 9.99,
      "old_price": 19.99,
      "discount_pct": 50,
      "image_url": null,
      "off_barcode": null,
      "group_id": null,
      "match_type": null,
      "match_confidence": null,
      "quantity_g": null,
      "quantity_ml": null,
      "price_per_kg": null,
      "price_per_l": null
    },
    {
      "id": 4627,
      "name": "Sleep me Възглавница Blue Mood Sense\n50 х 70 см",
      "store": "Kaufland",
      "price": 19.99,
      "old_price": 39.98,
      "discount_pct": 50,
      "image_url": null,
      "off_barcode": null,
      "group_id": null,
      "match_type": null,
      "match_confidence": null,
      "quantity_g": null,
      "quantity_ml": null,
      "price_per_kg": null,
      "price_per_l": null
    },
    {
      "id": 6,
      "name": "Sleep me Топ матрак\nBlue Mood",
      "store": "Kaufland",
      "price": 54.88,
      "old_price": 109.9,
      "discount_pct": 50,
      "image_url": null,
      "off_barcode": null,
      "group_id": null,
      "match_type": null,
      "match_confidence": null,
      "quantity_g": null,
      "quantity_ml": null,
      "price_per_kg": null,
      "price_per_l": null
    },
    {
      "id": 1436,
      "name": "TED",
      "store": "Kaufland",
      "price": 15.33,
      "old_price": 30.67,
      "discount_pct": 50,
      "image_url": null,
      "off_barcode": null,
      "group_id": null,
      "match_type": null,
      "match_confidence": null,
      "quantity_g": null,
      "quantity_ml": null,
      "price_per_kg": null,
      "price_per_l": null
    },
    {
      "id": 517,
      "name": "TED Олекотена завивка Aloe Sense\n150 х 200 см",
      "store": "Kaufland",
      "price": 29.98,
      "old_price": 59.99,
      "discount_pct": 50,
      "image_url": null,
      "off_barcode": null,
      "group_id": null,
      "match_type": null,
      "match_confidence": null,
      "quantity_g": null,
      "quantity_ml": null,
      "price_per_kg": null,
      "price_per_l": null
    },
    {
      "id": 4628,
      "name": "TED Олекотена завивка Aloe Sensе\n200 х 220 см",
      "store": "Kaufland",
      "price": 39.98,
      "old_price": 79.99,
      "discount_pct": 50,
      "image_url": null,
      "off_barcode": null,
      "group_id": null,
      "match_type": null,
      "match_confidence": null,
      "quantity_g": null,
      "quantity_ml": null,
      "price_per_kg": null,
      "price_per_l": null
    },
    {
      "id": 4697,
      "name": "TEFAL Тенджера под налягане\n6 л",
      "store": "Kaufland",
      "price": 99.98,
      "old_price": 199.98,
      "discount_pct": 50,
      "image_url": null,
      "off_barcode": null,
      "group_id": null,
      "match_type": null,
      "match_confidence": null,
      "quantity_g": null,
      "quantity_ml": 6000,
      "price_per_kg": null,
      "price_per_l": 16.66
    },
    {
      "id": 1425,
      "name": "TOP POT",
      "store": "Kaufland",
      "price": 3.57,
      "old_price": 7.15,
      "discount_pct": 50,
      "image_url": null,
      "off_barcode": null,
      "group_id": null,
      "match_type": null,
      "match_confidence": null,
      "quantity_g": null,
      "quantity_ml": null,
      "price_per_kg": null,
      "price_per_l": null
    },
    {
      "id": 4592,
      "name": "TOP POT Тава за печене\n28 х 22 х 5,4 см",
      "store": "Kaufland",
      "price": 4.99,
      "old_price": 9.99,
      "discount_pct": 50,
      "image_url": null,
      "off_barcode": null,
      "group_id": null,
      "match_type": null,
      "match_confidence": null,
      "quantity_g": null,
      "quantity_ml": null,
      "price_per_kg": null,
      "price_per_l": null
    },
    {
      "id": 4590,
      "name": "TOP POT Форма за кекс\nразлични размери",
      "store": "Kaufland",
      "price": 6.98,
      "old_price": 13.98,
      "discount_pct": 50,
      "image_url": null,
      "off_barcode": null,
      "group_id": null,
      "match_type": null,
      "match_confidence": null,
      "quantity_g": null,
      "quantity_ml": null,
      "price_per_kg": null,
      "price_per_l": null
    },
    {
      "id": 4593,
      "name": "TOP POT Форма за печене\nразлични видове",
      "store": "Kaufland",
      "price": 6.49,
      "old_price": 12.99,
      "discount_pct": 50,
      "image_url": null,
      "off_barcode": null,
      "group_id": null,
      "match_type": null,
      "match_confidence": null,
      "quantity_g": null,
      "quantity_ml": null,
      "price_per_kg": null,
      "price_per_l": null
    },
    {
      "id": 4591,
      "name": "TOP POT Форма за торта\nØ26 см",
      "store": "Kaufland",
      "price": 9.49,
      "old_price": 18.99,
      "discount_pct": 50,
      "image_url": null,
      "off_barcode": null,
      "group_id": null,
      "match_type": null,
      "match_confidence": null,
      "quantity_g": null,
      "quantity_ml": null,
      "price_per_kg": null,
      "price_per_l": null
    },
    {
      "id": 506,
      "name": "TOP POT Форма за хляб\n25,7 х 12 х 5,6 см",
      "store": "Kaufland",
      "price": 3.48,
      "old_price": 6.98,
      "discount_pct": 50,
      "image_url": null,
      "off_barcode": null,
      "group_id": null,
      "match_type": null,
      "match_confidence": null,
      "quantity_g": null,
      "quantity_ml": null,
      "price_per_kg": null,
      "price_per_l": null
    },
    {
      "id": 3740,
      "name": "Tefal Комплект съдове за готвене\nDuetto",
      "store": "Kaufland",
      "price": 149.89,
      "old_price": 299.91,
      "discount_pct": 50,
      "image_url": null,
      "off_barcode": null,
      "group_id": null,
      "match_type": null,
      "match_confidence": null,
      "quantity_g": null,
      "quantity_ml": null,
      "price_per_kg": null,
      "price_per_l": null
    },
    {
      "id": 1396,
      "name": "Tip Top",
      "store": "Kaufland",
      "price": 1.27,
      "old_price": 2.55,
      "discount_pct": 50,
      "image_url": null,
      "off_barcode": null,
      "group_id": null,
      "match_type": null,
      "match_confidence": null,
      "quantity_g": null,
      "quantity_ml": null,
      "price_per_kg": null,
      "price_per_l": null
    },
    {
      "id": 1,
      "name": "Tip Top Антифриз\nG12 или G11, 1 л",
      "store": "Kaufland",
      "price": 2.48,
      "old_price": 4.99,
      "discount_pct": 50,
      "image_url": null,
      "off_barcode": null,
      "group_id": null,
      "match_type": null,
      "match_confidence": null,
      "quantity_g": null,
      "quantity_ml": 1000,
      "price_per_kg": null,
      "price_per_l": 2.48
    },
    {
      "id": 3416,
      "name": "Vincinni Чаени сладки\nразлични видове",
      "store": "Kaufland",
      "price": 3.99,
      "old_price": 8.0,
      "discount_pct": 50,
      "image_url": null,
      "off_barcode": null,
      "group_id": null,
      "match_type": null,
      "match_confidence": null,
      "quantity_g": null,
      "quantity_ml": null,
      "price_per_kg": null,
      "price_per_l": null
    },
    {
      "id": 3788,
      "name": "Zebra Кухненска ролка",
      "store": "Kaufland",
      "price": 2.27,
      "old_price": 4.56,
      "discount_pct": 50,
      "image_url": null,
      "off_barcode": null,
      "group_id": null,
      "match_type": null,
      "match_confidence": null,
      "quantity_g": null,
      "quantity_ml": null,
      "price_per_kg": null,
      "price_per_l": null
    },
    {
      "id": 4447,
      "name": "Zebra Кухненска ролка\nDécor",
      "store": "Kaufland",
      "price": 2.29,
      "old_price": 4.58,
      "discount_pct": 50,
      "image_url": null,
      "off_barcode": null,
      "group_id": null,
      "match_type": null,
      "match_confidence": null,
      "quantity_g": null,
      "quantity_ml": null,
      "price_per_kg": null,
      "price_per_l": null
    },
    {
      "id": 3348,
      "name": "Zymes Familias Бутербанички\nразлични видове",
      "store": "Kaufland",
      "price": 3.56,
      "old_price": 7.14,
      "discount_pct": 50,
      "image_url": null,
      "off_barcode": null,
      "group_id": null,
      "match_type": null,
      "match_confidence": null,
      "quantity_g": null,
      "quantity_ml": null,
      "price_per_kg": null,
      "price_per_l": null
    },
    {
      "id": 4649,
      "name": "luminarc Сервиз за хранене\n19 части",
      "store": "Kaufland",
      "price": 49.99,
      "old_price": 99.98,
      "discount_pct": 50,
      "image_url": null,
      "off_barcode": null,
      "group_id": null,
      "match_type": null,
      "match_confidence": null,
      "quantity_g": null,
      "quantity_ml": null,
      "price_per_kg": null,
      "price_per_l": null
    },
    {
      "id": 3279,
      "name": "Ариел Фиш Разбит хайвер\nразлични видове",
      "store": "Kaufland",
      "price": 1.99,
      "old_price": 3.99,
      "discount_pct": 50,
      "image_url": null,
      "off_barcode": null,
      "group_id": null,
      "match_type": null,
      "match_confidence": null,
      "quantity_g": null,
      "quantity_ml": null,
      "price_per_kg": null,
      "price_per_l": null
    },
    {
      "id": 3362,
      "name": "ББП Кьопоолу",
      "store": "Kaufland",
      "price": 2.99,
      "old_price": 5.98,
      "discount_pct": 50,
      "image_url": null,
      "off_barcode": null,
      "group_id": null,
      "match_type": null,
      "match_confidence": null,
      "quantity_g": null,
      "quantity_ml": null,
      "price_per_kg": null,
      "price_per_l": null
    },
    {
      "id": 3415,
      "name": "Баклава различни видове",
      "store": "Kaufland",
      "price": 2.78,
      "old_price": 5.59,
      "discount_pct": 50,
      "image_url": null,
      "off_barcode": null,
      "group_id": null,
      "match_type": null,
      "match_confidence": null,
      "quantity_g": null,
      "quantity_ml": null,
      "price_per_kg": null,
      "price_per_l": null
    },
    {
      "id": 1143,
      "name": "Баничка",
      "store": "Kaufland",
      "price": 0.3,
      "old_price": 0.61,
      "discount_pct": 50,
      "image_url": null,
      "off_barcode": null,
      "group_id": null,
      "match_type": null,
      "match_confidence": null,
      "quantity_g": null,
      "quantity_ml": null,
      "price_per_kg": null,
      "price_per_l": null
    },
    {
      "id": 225,
      "name": "Баничка различни видове",
      "store": "Kaufland",
      "price": 0.59,
      "old_price": 1.19,
      "discount_pct": 50,
      "image_url": null,
      "off_barcode": null,
      "group_id": null,
      "match_type": null,
      "match_confidence": null,
      "quantity_g": null,
      "quantity_ml": null,
      "price_per_kg": null,
      "price_per_l": null
    },
    {
      "id": 1146,
      "name": "Баничка тип пура",
      "store": "Kaufland",
      "price": 0.3,
      "old_price": 0.61,
      "discount_pct": 50,
      "image_url": null,
      "off_barcode": null,
      "group_id": null,
      "match_type": null,
      "match_confidence": null,
      "quantity_g": null,
      "quantity_ml": null,
      "price_per_kg": null,
      "price_per_l": null
    },
    {
      "id": 228,
      "name": "Баничка тип пура от нашата пекарна",
      "store": "Kaufland",
      "price": 0.59,
      "old_price": 1.19,
      "discount_pct": 50,
      "image_url": null,
      "off_barcode": null,
      "group_id": "g_c51ce410",
      "match_type": "name_similarity",
      "match_confidence": 1.0,
      "quantity_g": null,
      "quantity_ml": null,
      "price_per_kg": null,
      "price_per_l": null
    },
    {
      "id": 1450,
      "name": "Белачка",
      "store": "Kaufland",
      "price": 0.5,
      "old_price": 1.02,
      "discount_pct": 50,
      "image_url": null,
      "off_barcode": null,
      "group_id": null,
      "match_type": null,
      "match_confidence": null,
      "quantity_g": null,
      "quantity_ml": null,
      "price_per_kg": null,
      "price_per_l": null
    },
    {
      "id": 1158,
      "name": "Бисквити",
      "store": "Kaufland",
      "price": 1.02,
      "old_price": 2.04,
      "discount_pct": 50,
      "image_url": null,
      "off_barcode": null,
      "group_id": null,
      "match_type": null,
      "match_confidence": null,
      "quantity_g": null,
      "quantity_ml": null,
      "price_per_kg": null,
      "price_per_l": null
    },
    {
      "id": 240,
      "name": "Бисквити с мармалад или с локум",
      "store": "Kaufland",
      "price": 1.99,
      "old_price": 3.99,
      "discount_pct": 50,
      "image_url": null,
      "off_barcode": null,
      "group_id": null,
      "match_type": null,
      "match_confidence": null,
      "quantity_g": null,
      "quantity_ml": null,
      "price_per_kg": null,
      "price_per_l": null
    },
    {
      "id": 3226,
      "name": "Броколи",
      "store": "Kaufland",
      "price": 2.48,
      "old_price": 4.99,
      "discount_pct": 50,
      "image_url": null,
      "off_barcode": null,
      "group_id": "g_cfcd2084",
      "match_type": "name_similarity",
      "match_confidence": 1.0,
      "quantity_g": null,
      "quantity_ml": null,
      "price_per_kg": null,
      "price_per_l": null
    },
    {
      "id": 5728,
      "name": "Броколи",
      "store": "Lidl",
      "price": 1.27,
      "old_price": 2.55,
      "discount_pct": 50,
      "image_url": null,
      "off_barcode": null,
      "group_id": "g_cfcd2084",
      "match_type": "name_similarity",
      "match_confidence": 1.0,
      "quantity_g": null,
      "quantity_ml": null,
      "price_per_kg": null,
      "price_per_l": null
    },
    {
      "id": 618,
      "name": "Българско червено зеле",
      "store": "Lidl",
      "price": 0.33,
      "old_price": 0.66,
      "discount_pct": 50,
      "image_url": null,
      "off_barcode": null,
      "group_id": null,
      "match_type": null,
      "match_confidence": null,
      "quantity_g": null,
      "quantity_ml": null,
      "price_per_kg": null,
      "price_per_l": null
    },
    {
      "id": 1138,
      "name": "Вита баница",
      "store": "Kaufland",
      "price": 2.29,
      "old_price": 4.6,
      "discount_pct": 50,
      "image_url": null,
      "off_barcode": null,
      "group_id": null,
      "match_type": null,
      "match_confidence": null,
      "quantity_g": null,
      "quantity_ml": null,
      "price_per_kg": null,
      "price_per_l": null
    },
    {
      "id": 1460,
      "name": "Зафирови",
      "store": "Kaufland",
      "price": 6.64,
      "old_price": 13.28,
      "discount_pct": 50,
      "image_url": null,
      "off_barcode": null,
      "group_id": null,
      "match_type": null,
      "match_confidence": null,
      "quantity_g": null,
      "quantity_ml": null,
      "price_per_kg": null,
      "price_per_l": null
    },
    {
      "id": 4213,
      "name": "Захира Захар\nдо 5 бр. на покупка",
      "store": "Kaufland",
      "price": 9.49,
      "old_price": 18.99,
      "discount_pct": 50,
      "image_url": null,
      "off_barcode": null,
      "group_id": null,
      "match_type": null,
      "match_confidence": null,
      "quantity_g": null,
      "quantity_ml": null,
      "price_per_kg": null,
      "price_per_l": null
    },
    {
      "id": 1441,
      "name": "Изтривалка",
      "store": "Kaufland",
      "price": 2.55,
      "old_price": 5.11,
      "discount_pct": 50,
      "image_url": null,
      "off_barcode": null,
      "group_id": null,
      "match_type": null,
      "match_confidence": null,
      "quantity_g": null,
      "quantity_ml": null,
      "price_per_kg": null,
      "price_per_l": null
    },
    {
      "id": 523,
      "name": "Изтривалка 40 х 60 см",
      "store": "Kaufland",
      "price": 4.99,
      "old_price": 9.99,
      "discount_pct": 50,
      "image_url": null,
      "off_barcode": null,
      "group_id": null,
      "match_type": null,
      "match_confidence": null,
      "quantity_g": null,
      "quantity_ml": null,
      "price_per_kg": null,
      "price_per_l": null
    },
    {
      "id": 1466,
      "name": "КИСЕЛОВО",
      "store": "Kaufland",
      "price": 7.66,
      "old_price": 15.32,
      "discount_pct": 50,
      "image_url": null,
      "off_barcode": null,
      "group_id": null,
      "match_type": null,
      "match_confidence": null,
      "quantity_g": null,
      "quantity_ml": null,
      "price_per_kg": null,
      "price_per_l": null
    },
    {
      "id": 548,
      "name": "КИСЕЛОВО Сирене\nот краве мляко",
      "store": "Kaufland",
      "price": 14.98,
      "old_price": 29.96,
      "discount_pct": 50,
      "image_url": null,
      "off_barcode": null,
      "group_id": null,
      "match_type": null,
      "match_confidence": null,
      "quantity_g": null,
      "quantity_ml": null,
      "price_per_kg": null,
      "price_per_l": null
    },
    {
      "id": 6121,
      "name": "Кайма от младо телешко",
      "store": "Lidl",
      "price": 1.02,
      "old_price": 2.04,
      "discount_pct": 50,
      "image_url": null,
      "off_barcode": null,
      "group_id": null,
      "match_type": null,
      "match_confidence": null,
      "quantity_g": null,
      "quantity_ml": null,
      "price_per_kg": null,
      "price_per_l": null
    },
    {
      "id": 1448,
      "name": "Кана за вода",
      "store": "Kaufland",
      "price": 2.04,
      "old_price": 4.09,
      "discount_pct": 50,
      "image_url": null,
      "off_barcode": null,
      "group_id": null,
      "match_type": null,
      "match_confidence": null,
      "quantity_g": null,
      "quantity_ml": null,
      "price_per_kg": null,
      "price_per_l": null
    },
    {
      "id": 4648,
      "name": "Кана за вода 1600 мл",
      "store": "Kaufland",
      "price": 3.99,
      "old_price": 8.0,
      "discount_pct": 50,
      "image_url": null,
      "off_barcode": null,
      "group_id": null,
      "match_type": null,
      "match_confidence": null,
      "quantity_g": null,
      "quantity_ml": 1600,
      "price_per_kg": null,
      "price_per_l": 2.49
    },
    {
      "id": 3364,
      "name": "Крео Русенско варено",
      "store": "Kaufland",
      "price": 1.74,
      "old_price": 3.48,
      "discount_pct": 50,
      "image_url": null,
      "off_barcode": null,
      "group_id": null,
      "match_type": null,
      "match_confidence": null,
      "quantity_g": null,
      "quantity_ml": null,
      "price_per_kg": null,
      "price_per_l": null
    },
    {
      "id": 3406,
      "name": "Крина Леща",
      "store": "Kaufland",
      "price": 2.09,
      "old_price": 4.19,
      "discount_pct": 50,
      "image_url": null,
      "off_barcode": null,
      "group_id": null,
      "match_type": null,
      "match_confidence": null,
      "quantity_g": null,
      "quantity_ml": null,
      "price_per_kg": null,
      "price_per_l": null
    },
    {
      "id": 1451,
      "name": "Купа",
      "store": "Kaufland",
      "price": 0.86,
      "old_price": 1.73,
      "discount_pct": 50,
      "image_url": null,
      "off_barcode": null,
      "group_id": null,
      "match_type": null,
      "match_confidence": null,
      "quantity_g": null,
      "quantity_ml": null,
      "price_per_kg": null,
      "price_per_l": null
    },
    {
      "id": 4658,
      "name": "Купа 1,25 л, Ø20 см",
      "store": "Kaufland",
      "price": 1.68,
      "old_price": 3.38,
      "discount_pct": 50,
      "image_url": null,
      "off_barcode": null,
      "group_id": null,
      "match_type": null,
      "match_confidence": null,
      "quantity_g": null,
      "quantity_ml": 1250,
      "price_per_kg": null,
      "price_per_l": 1.34
    },
    {
      "id": 532,
      "name": "Купа 2,25 л, Ø24 см",
      "store": "Kaufland",
      "price": 2.29,
      "old_price": 4.6,
      "discount_pct": 50,
      "image_url": null,
      "off_barcode": null,
      "group_id": null,
      "match_type": null,
      "match_confidence": null,
      "quantity_g": null,
      "quantity_ml": 2250,
      "price_per_kg": null,
      "price_per_l": 1.02
    },
    {
      "id": 4659,
      "name": "Купа 4,5 л, Ø28 см",
      "store": "Kaufland",
      "price": 3.29,
      "old_price": 6.59,
      "discount_pct": 50,
      "image_url": null,
      "off_barcode": null,
      "group_id": null,
      "match_type": null,
      "match_confidence": null,
      "quantity_g": null,
      "quantity_ml": 4500,
      "price_per_kg": null,
      "price_per_l": 0.73
    },
    {
      "id": 1455,
      "name": "Кухненска везна",
      "store": "Kaufland",
      "price": 3.83,
      "old_price": 7.66,
      "discount_pct": 50,
      "image_url": null,
      "off_barcode": null,
      "group_id": null,
      "match_type": null,
      "match_confidence": null,
      "quantity_g": null,
      "quantity_ml": null,
      "price_per_kg": null,
      "price_per_l": null
    },
    {
      "id": 495,
      "name": "Кухненска везна до 6 кг",
      "store": "Kaufland",
      "price": 7.49,
      "old_price": 14.98,
      "discount_pct": 50,
      "image_url": null,
      "off_barcode": null,
      "group_id": null,
      "match_type": null,
      "match_confidence": null,
      "quantity_g": 6000,
      "quantity_ml": null,
      "price_per_kg": 1.25,
      "price_per_l": null
    },
    {
      "id": 1442,
      "name": "Леген",
      "store": "Kaufland",
      "price": 1.68,
      "old_price": 3.37,
      "discount_pct": 50,
      "image_url": null,
      "off_barcode": null,
      "group_id": null,
      "match_type": null,
      "match_confidence": null,
      "quantity_g": null,
      "quantity_ml": null,
      "price_per_kg": null,
      "price_per_l": null
    },
    {
      "id": 8,
      "name": "Леген пластмасов",
      "store": "Kaufland",
      "price": 3.29,
      "old_price": 6.59,
      "discount_pct": 50,
      "image_url": null,
      "off_barcode": null,
      "group_id": null,
      "match_type": null,
      "match_confidence": null,
      "quantity_g": null,
      "quantity_ml": null,
      "price_per_kg": null,
      "price_per_l": null
    },
    {
      "id": 1042,
      "name": "Мандарини 1кг мрежа",
      "store": "Kaufland",
      "price": 0.76,
      "old_price": 1.53,
      "discount_pct": 50,
      "image_url": null,
      "off_barcode": null,
      "group_id": null,
      "match_type": null,
      "match_confidence": null,
      "quantity_g": 1000,
      "quantity_ml": null,
      "price_per_kg": 0.76,
      "price_per_l": null
    },
    {
      "id": 3367,
      "name": "Маслини Каламата от свежата витрина",
      "store": "Kaufland",
      "price": 7.49,
      "old_price": 14.98,
      "discount_pct": 50,
      "image_url": null,
      "off_barcode": null,
      "group_id": null,
      "match_type": null,
      "match_confidence": null,
      "quantity_g": null,
      "quantity_ml": null,
      "price_per_kg": null,
      "price_per_l": null
    },
    {
      "id": 3366,
      "name": "Маслини Каламата фини",
      "store": "Kaufland",
      "price": 6.98,
      "old_price": 13.98,
      "discount_pct": 50,
      "image_url": null,
      "off_barcode": null,
      "group_id": null,
      "match_type": null,
      "match_confidence": null,
      "quantity_g": null,
      "quantity_ml": null,
      "price_per_kg": null,
      "price_per_l": null
    },
    {
      "id": 1063,
      "name": "Мегдана",
      "store": "Kaufland",
      "price": 11.75,
      "old_price": 23.51,
      "discount_pct": 50,
      "image_url": null,
      "off_barcode": null,
      "group_id": null,
      "match_type": null,
      "match_confidence": null,
      "quantity_g": null,
      "quantity_ml": null,
      "price_per_kg": null,
      "price_per_l": null
    },
    {
      "id": 4292,
      "name": "Мегдана Филе Елена\nот свежата витрина",
      "store": "Kaufland",
      "price": 22.98,
      "old_price": 45.98,
      "discount_pct": 50,
      "image_url": null,
      "off_barcode": null,
      "group_id": null,
      "match_type": null,
      "match_confidence": null,
      "quantity_g": null,
      "quantity_ml": null,
      "price_per_kg": null,
      "price_per_l": null
    },
    {
      "id": 1005,
      "name": "Меко",
      "store": "Kaufland",
      "price": 9.2,
      "old_price": 18.4,
      "discount_pct": 50,
      "image_url": null,
      "off_barcode": null,
      "group_id": null,
      "match_type": null,
      "match_confidence": null,
      "quantity_g": null,
      "quantity_ml": null,
      "price_per_kg": null,
      "price_per_l": null
    },
    {
      "id": 3414,
      "name": "Мемо Баклава\nразлични видове",
      "store": "Kaufland",
      "price": 2.78,
      "old_price": 5.59,
      "discount_pct": 50,
      "image_url": null,
      "off_barcode": null,
      "group_id": null,
      "match_type": null,
      "match_confidence": null,
      "quantity_g": null,
      "quantity_ml": null,
      "price_per_kg": null,
      "price_per_l": null
    },
    {
      "id": 3231,
      "name": "Молерите Панагюрска луканка",
      "store": "Kaufland",
      "price": 15.98,
      "old_price": 32.0,
      "discount_pct": 50,
      "image_url": null,
      "off_barcode": null,
      "group_id": null,
      "match_type": null,
      "match_confidence": null,
      "quantity_g": null,
      "quantity_ml": null,
      "price_per_kg": null,
      "price_per_l": null
    },
    {
      "id": 1440,
      "name": "Моп",
      "store": "Kaufland",
      "price": 3.06,
      "old_price": 6.13,
      "discount_pct": 50,
      "image_url": null,
      "off_barcode": null,
      "group_id": null,
      "match_type": null,
      "match_confidence": null,
      "quantity_g": null,
      "quantity_ml": null,
      "price_per_kg": null,
      "price_per_l": null
    },
    {
      "id": 4224,
      "name": "Моп дръжка до 110 см",
      "store": "Kaufland",
      "price": 5.98,
      "old_price": 11.99,
      "discount_pct": 50,
      "image_url": null,
      "off_barcode": null,
      "group_id": null,
      "match_type": null,
      "match_confidence": null,
      "quantity_g": null,
      "quantity_ml": null,
      "price_per_kg": null,
      "price_per_l": null
    },
    {
      "id": 4645,
      "name": "Моп тип Пеперуда",
      "store": "Kaufland",
      "price": 5.98,
      "old_price": 11.99,
      "discount_pct": 50,
      "image_url": null,
      "off_barcode": null,
      "group_id": null,
      "match_type": null,
      "match_confidence": null,
      "quantity_g": null,
      "quantity_ml": null,
      "price_per_kg": null,
      "price_per_l": null
    },
    {
      "id": 3245,
      "name": "Народен Салам\nразлични видове",
      "store": "Kaufland",
      "price": 2.48,
      "old_price": 4.99,
      "discount_pct": 50,
      "image_url": null,
      "off_barcode": null,
      "group_id": null,
      "match_type": null,
      "match_confidence": null,
      "quantity_g": null,
      "quantity_ml": null,
      "price_per_kg": null,
      "price_per_l": null
    },
    {
      "id": 1404,
      "name": "Наш двор",
      "store": "Kaufland",
      "price": 0.5,
      "old_price": 1.02,
      "discount_pct": 50,
      "image_url": null,
      "off_barcode": null,
      "group_id": null,
      "match_type": null,
      "match_confidence": null,
      "quantity_g": null,
      "quantity_ml": null,
      "price_per_kg": null,
      "price_per_l": null
    },
    {
      "id": 4538,
      "name": "Наш двор Семена",
      "store": "Kaufland",
      "price": 0.98,
      "old_price": 1.99,
      "discount_pct": 50,
      "image_url": null,
      "off_barcode": null,
      "group_id": null,
      "match_type": null,
      "match_confidence": null,
      "quantity_g": null,
      "quantity_ml": null,
      "price_per_kg": null,
      "price_per_l": null
    },
    {
      "id": 4212,
      "name": "Орехите Луканка, Бабек\nили Салам Амбарица",
      "store": "Kaufland",
      "price": 6.49,
      "old_price": 12.99,
      "discount_pct": 50,
      "image_url": null,
      "off_barcode": null,
      "group_id": null,
      "match_type": null,
      "match_confidence": null,
      "quantity_g": null,
      "quantity_ml": null,
      "price_per_kg": null,
      "price_per_l": null
    },
    {
      "id": 3230,
      "name": "Орехите Луканков салам\nвакуум опаковка",
      "store": "Kaufland",
      "price": 5.98,
      "old_price": 11.99,
      "discount_pct": 50,
      "image_url": null,
      "off_barcode": null,
      "group_id": null,
      "match_type": null,
      "match_confidence": null,
      "quantity_g": null,
      "quantity_ml": null,
      "price_per_kg": null,
      "price_per_l": null
    },
    {
      "id": 3612,
      "name": "ПОМОРИН Паста за зъби\nразлични видове",
      "store": "Kaufland",
      "price": 1.35,
      "old_price": 2.7,
      "discount_pct": 50,
      "image_url": null,
      "off_barcode": null,
      "group_id": null,
      "match_type": null,
      "match_confidence": null,
      "quantity_g": null,
      "quantity_ml": null,
      "price_per_kg": null,
      "price_per_l": null
    },
    {
      "id": 3224,
      "name": "Помело",
      "store": "Kaufland",
      "price": 1.99,
      "old_price": 3.99,
      "discount_pct": 50,
      "image_url": null,
      "off_barcode": null,
      "group_id": null,
      "match_type": null,
      "match_confidence": null,
      "quantity_g": null,
      "quantity_ml": null,
      "price_per_kg": null,
      "price_per_l": null
    },
    {
      "id": 3611,
      "name": "Поморин Паста за зъби\nизбрани видове",
      "store": "Kaufland",
      "price": 1.35,
      "old_price": 2.7,
      "discount_pct": 50,
      "image_url": null,
      "off_barcode": null,
      "group_id": null,
      "match_type": null,
      "match_confidence": null,
      "quantity_g": null,
      "quantity_ml": null,
      "price_per_kg": null,
      "price_per_l": null
    },
    {
      "id": 1026,
      "name": "Портокали",
      "store": "Kaufland",
      "price": 0.76,
      "old_price": 1.53,
      "discount_pct": 50,
      "image_url": null,
      "off_barcode": null,
      "group_id": "g_c4ca4238",
      "match_type": "name_similarity",
      "match_confidence": 1.0,
      "quantity_g": null,
      "quantity_ml": null,
      "price_per_kg": null,
      "price_per_l": null
    },
    {
      "id": 641,
      "name": "Прясна цяла патица",
      "store": "Lidl",
      "price": 0.63,
      "old_price": 1.27,
      "discount_pct": 50,
      "image_url": null,
      "off_barcode": null,
      "group_id": null,
      "match_type": null,
      "match_confidence": null,
      "quantity_g": null,
      "quantity_ml": null,
      "price_per_kg": null,
      "price_per_l": null
    },
    {
      "id": 5764,
      "name": "Пура",
      "store": "Lidl",
      "price": 0.3,
      "old_price": 0.61,
      "discount_pct": 50,
      "image_url": null,
      "off_barcode": null,
      "group_id": null,
      "match_type": null,
      "match_confidence": null,
      "quantity_g": null,
      "quantity_ml": null,
      "price_per_kg": null,
      "price_per_l": null
    },
    {
      "id": 1157,
      "name": "Руен",
      "store": "Kaufland",
      "price": 1.02,
      "old_price": 2.04,
      "discount_pct": 50,
      "image_url": null,
      "off_barcode": null,
      "group_id": null,
      "match_type": null,
      "match_confidence": null,
      "quantity_g": null,
      "quantity_ml": null,
      "price_per_kg": null,
      "price_per_l": null
    },
    {
      "id": 239,
      "name": "Руен Бисквити\nразлични видове",
      "store": "Kaufland",
      "price": 1.99,
      "old_price": 3.99,
      "discount_pct": 50,
      "image_url": null,
      "off_barcode": null,
      "group_id": null,
      "match_type": null,
      "match_confidence": null,
      "quantity_g": null,
      "quantity_ml": null,
      "price_per_kg": null,
      "price_per_l": null
    },
    {
      "id": 4242,
      "name": "Ръжен хляб от нашата пекарна",
      "store": "Kaufland",
      "price": 1.78,
      "old_price": 3.6,
      "discount_pct": 50,
      "image_url": null,
      "off_barcode": null,
      "group_id": null,
      "match_type": null,
      "match_confidence": null,
      "quantity_g": null,
      "quantity_ml": null,
      "price_per_kg": null,
      "price_per_l": null
    },
    {
      "id": 1112,
      "name": "САМИ-М",
      "store": "Kaufland",
      "price": 1.72,
      "old_price": 3.45,
      "discount_pct": 50,
      "image_url": null,
      "off_barcode": null,
      "group_id": null,
      "match_type": null,
      "match_confidence": null,
      "quantity_g": null,
      "quantity_ml": null,
      "price_per_kg": null,
      "price_per_l": null
    },
    {
      "id": 194,
      "name": "САМИ-М Пръчици с кашкавал\nзамразени",
      "store": "Kaufland",
      "price": 3.36,
      "old_price": 6.75,
      "discount_pct": 50,
      "image_url": null,
      "off_barcode": null,
      "group_id": null,
      "match_type": null,
      "match_confidence": null,
      "quantity_g": null,
      "quantity_ml": null,
      "price_per_kg": null,
      "price_per_l": null
    },
    {
      "id": 3327,
      "name": "Сами-М Панирани пилешки хапки\nзамразени",
      "store": "Kaufland",
      "price": 5.48,
      "old_price": 10.99,
      "discount_pct": 50,
      "image_url": null,
      "off_barcode": null,
      "group_id": null,
      "match_type": null,
      "match_confidence": null,
      "quantity_g": null,
      "quantity_ml": null,
      "price_per_kg": null,
      "price_per_l": null
    },
    {
      "id": 195,
      "name": "Сами-М Пилешки шницели панирани\nзамразени",
      "store": "Kaufland",
      "price": 12.48,
      "old_price": 24.96,
      "discount_pct": 50,
      "image_url": null,
      "off_barcode": null,
      "group_id": null,
      "match_type": null,
      "match_confidence": null,
      "quantity_g": null,
      "quantity_ml": null,
      "price_per_kg": null,
      "price_per_l": null
    },
    {
      "id": 4246,
      "name": "Сами-М Шницел\nот пилешко месо",
      "store": "Kaufland",
      "price": 3.19,
      "old_price": 6.49,
      "discount_pct": 50,
      "image_url": null,
      "off_barcode": null,
      "group_id": null,
      "match_type": null,
      "match_confidence": null,
      "quantity_g": null,
      "quantity_ml": null,
      "price_per_kg": null,
      "price_per_l": null
    },
    {
      "id": 3311,
      "name": "Саяна Прясно мляко",
      "store": "Kaufland",
      "price": 0.98,
      "old_price": 1.99,
      "discount_pct": 50,
      "image_url": null,
      "off_barcode": null,
      "group_id": null,
      "match_type": null,
      "match_confidence": null,
      "quantity_g": null,
      "quantity_ml": null,
      "price_per_kg": null,
      "price_per_l": null
    },
    {
      "id": 158,
      "name": "Свинска плешка без кост до 5 кг на покупка",
      "store": "Kaufland",
      "price": 6.49,
      "old_price": 12.99,
      "discount_pct": 50,
      "image_url": null,
      "off_barcode": null,
      "group_id": null,
      "match_type": null,
      "match_confidence": null,
      "quantity_g": 5000,
      "quantity_ml": null,
      "price_per_kg": 1.3,
      "price_per_l": null
    },
    {
      "id": 3232,
      "name": "Стария ловец Бански старец",
      "store": "Kaufland",
      "price": 8.98,
      "old_price": 17.97,
      "discount_pct": 50,
      "image_url": null,
      "off_barcode": null,
      "group_id": null,
      "match_type": null,
      "match_confidence": null,
      "quantity_g": null,
      "quantity_ml": null,
      "price_per_kg": null,
      "price_per_l": null
    },
    {
      "id": 4238,
      "name": "Стария ловец Ловджийски деликатес",
      "store": "Kaufland",
      "price": 10.99,
      "old_price": 21.98,
      "discount_pct": 50,
      "image_url": null,
      "off_barcode": null,
      "group_id": null,
      "match_type": null,
      "match_confidence": null,
      "quantity_g": null,
      "quantity_ml": null,
      "price_per_kg": null,
      "price_per_l": null
    },
    {
      "id": 3234,
      "name": "Стария ловец Филе Трапезица\nот свежата витрина",
      "store": "Kaufland",
      "price": 25.99,
      "old_price": 52.79,
      "discount_pct": 50,
      "image_url": null,
      "off_barcode": null,
      "group_id": null,
      "match_type": null,
      "match_confidence": null,
      "quantity_g": null,
      "quantity_ml": null,
      "price_per_kg": null,
      "price_per_l": null
    },
    {
      "id": 1443,
      "name": "Стъклочистачка",
      "store": "Kaufland",
      "price": 2.55,
      "old_price": 5.11,
      "discount_pct": 50,
      "image_url": null,
      "off_barcode": null,
      "group_id": null,
      "match_type": null,
      "match_confidence": null,
      "quantity_g": null,
      "quantity_ml": null,
      "price_per_kg": null,
      "price_per_l": null
    },
    {
      "id": 525,
      "name": "Стъклочистачка дръжка до 110 см",
      "store": "Kaufland",
      "price": 4.99,
      "old_price": 9.99,
      "discount_pct": 50,
      "image_url": null,
      "off_barcode": null,
      "group_id": null,
      "match_type": null,
      "match_confidence": null,
      "quantity_g": null,
      "quantity_ml": null,
      "price_per_kg": null,
      "price_per_l": null
    },
    {
      "id": 549,
      "name": "Тандем Бекон",
      "store": "Kaufland",
      "price": 8.0,
      "old_price": 16.0,
      "discount_pct": 50,
      "image_url": null,
      "off_barcode": null,
      "group_id": null,
      "match_type": null,
      "match_confidence": null,
      "quantity_g": null,
      "quantity_ml": null,
      "price_per_kg": null,
      "price_per_l": null
    },
    {
      "id": 1428,
      "name": "Товарна количка",
      "store": "Kaufland",
      "price": 25.56,
      "old_price": 51.12,
      "discount_pct": 50,
      "image_url": null,
      "off_barcode": null,
      "group_id": null,
      "match_type": null,
      "match_confidence": null,
      "quantity_g": null,
      "quantity_ml": null,
      "price_per_kg": null,
      "price_per_l": null
    },
    {
      "id": 4614,
      "name": "Товарна количка с платформа",
      "store": "Kaufland",
      "price": 49.99,
      "old_price": 99.98,
      "discount_pct": 50,
      "image_url": null,
      "off_barcode": null,
      "group_id": null,
      "match_type": null,
      "match_confidence": null,
      "quantity_g": null,
      "quantity_ml": null,
      "price_per_kg": null,
      "price_per_l": null
    },
    {
      "id": 1114,
      "name": "Фамилия",
      "store": "Kaufland",
      "price": 3.57,
      "old_price": 7.15,
      "discount_pct": 50,
      "image_url": null,
      "off_barcode": null,
      "group_id": null,
      "match_type": null,
      "match_confidence": null,
      "quantity_g": null,
      "quantity_ml": null,
      "price_per_kg": null,
      "price_per_l": null
    },
    {
      "id": 541,
      "name": "Фамилия Бутертесто\nзамразено",
      "store": "Kaufland",
      "price": 7.49,
      "old_price": 14.98,
      "discount_pct": 50,
      "image_url": null,
      "off_barcode": null,
      "group_id": null,
      "match_type": null,
      "match_confidence": null,
      "quantity_g": null,
      "quantity_ml": null,
      "price_per_kg": null,
      "price_per_l": null
    },
    {
      "id": 196,
      "name": "Фамилия Минибанички\nзамразени",
      "store": "Kaufland",
      "price": 6.98,
      "old_price": 13.98,
      "discount_pct": 50,
      "image_url": null,
      "off_barcode": null,
      "group_id": null,
      "match_type": null,
      "match_confidence": null,
      "quantity_g": null,
      "quantity_ml": null,
      "price_per_kg": null,
      "price_per_l": null
    },
    {
      "id": 1070,
      "name": "Фермата",
      "store": "Kaufland",
      "price": 3.32,
      "old_price": 6.64,
      "discount_pct": 50,
      "image_url": null,
      "off_barcode": null,
      "group_id": null,
      "match_type": null,
      "match_confidence": null,
      "quantity_g": null,
      "quantity_ml": null,
      "price_per_kg": null,
      "price_per_l": null
    },
    {
      "id": 147,
      "name": "Фермата Луканка",
      "store": "Kaufland",
      "price": 6.49,
      "old_price": 12.99,
      "discount_pct": 50,
      "image_url": null,
      "off_barcode": null,
      "group_id": null,
      "match_type": null,
      "match_confidence": null,
      "quantity_g": null,
      "quantity_ml": null,
      "price_per_kg": null,
      "price_per_l": null
    },
    {
      "id": 3502,
      "name": "Хели Локумена вафла\nс лимон",
      "store": "Kaufland",
      "price": 0.39,
      "old_price": 0.78,
      "discount_pct": 50,
      "image_url": null,
      "off_barcode": null,
      "group_id": null,
      "match_type": null,
      "match_confidence": null,
      "quantity_g": null,
      "quantity_ml": null,
      "price_per_kg": null,
      "price_per_l": null
    },
    {
      "id": 3312,
      "name": "Хелиос Топено сирене\nразлични видове",
      "store": "Kaufland",
      "price": 1.86,
      "old_price": 3.74,
      "discount_pct": 50,
      "image_url": null,
      "off_barcode": null,
      "group_id": null,
      "match_type": null,
      "match_confidence": null,
      "quantity_g": null,
      "quantity_ml": null,
      "price_per_kg": null,
      "price_per_l": null
    },
    {
      "id": 3539,
      "name": "Хисар Минерална вода",
      "store": "Kaufland",
      "price": 0.57,
      "old_price": 1.15,
      "discount_pct": 50,
      "image_url": null,
      "off_barcode": null,
      "group_id": null,
      "match_type": null,
      "match_confidence": null,
      "quantity_g": null,
      "quantity_ml": null,
      "price_per_kg": null,
      "price_per_l": null
    },
    {
      "id": 1471,
      "name": "Хляб",
      "store": "Kaufland",
      "price": 0.72,
      "old_price": 1.45,
      "discount_pct": 50,
      "image_url": null,
      "off_barcode": null,
      "group_id": null,
      "match_type": null,
      "match_confidence": null,
      "quantity_g": null,
      "quantity_ml": null,
      "price_per_kg": null,
      "price_per_l": null
    },
    {
      "id": 5673,
      "name": "Хляб ръжено-пшеничен",
      "store": "Kaufland",
      "price": 0.76,
      "old_price": 1.53,
      "discount_pct": 50,
      "image_url": null,
      "off_barcode": null,
      "group_id": null,
      "match_type": null,
      "match_confidence": null,
      "quantity_g": null,
      "quantity_ml": null,
      "price_per_kg": null,
      "price_per_l": null
    },
    {
      "id": 18,
      "name": "Хляб ръжено-пшеничен от нашата пекарна",
      "store": "Kaufland",
      "price": 1.49,
      "old_price": 2.99,
      "discount_pct": 50,
      "image_url": null,
      "off_barcode": null,
      "group_id": null,
      "match_type": null,
      "match_confidence": null,
      "quantity_g": null,
      "quantity_ml": null,
      "price_per_kg": null,
      "price_per_l": null
    },
    {
      "id": 553,
      "name": "Хляб с три вида семена\nот нашата пекарна",
      "store": "Kaufland",
      "price": 1.41,
      "old_price": 2.84,
      "discount_pct": 50,
      "image_url": null,
      "off_barcode": null,
      "group_id": "g_b6d767d2",
      "match_type": "name_similarity",
      "match_confidence": 0.88,
      "quantity_g": null,
      "quantity_ml": null,
      "price_per_kg": null,
      "price_per_l": null
    },
    {
      "id": 3401,
      "name": "Хляб със семена от нашата пекарна",
      "store": "Kaufland",
      "price": 1.47,
      "old_price": 2.99,
      "discount_pct": 50,
      "image_url": null,
      "off_barcode": null,
      "group_id": "g_37693cfc",
      "match_type": "name_similarity",
      "match_confidence": 0.85,
      "quantity_g": null,
      "quantity_ml": null,
      "price_per_kg": null,
      "price_per_l": null
    },
    {
      "id": 3265,
      "name": "ЧЕХ Шпеков салам\nАрбанаси",
      "store": "Kaufland",
      "price": 0.96,
      "old_price": 1.94,
      "discount_pct": 50,
      "image_url": null,
      "off_barcode": null,
      "group_id": null,
      "match_type": null,
      "match_confidence": null,
      "quantity_g": null,
      "quantity_ml": null,
      "price_per_kg": null,
      "price_per_l": null
    },
    {
      "id": 3365,
      "name": "Черни маслини Колосал от свежата витрина",
      "store": "Kaufland",
      "price": 6.49,
      "old_price": 12.99,
      "discount_pct": 50,
      "image_url": null,
      "off_barcode": null,
      "group_id": null,
      "match_type": null,
      "match_confidence": null,
      "quantity_g": null,
      "quantity_ml": null,
      "price_per_kg": null,
      "price_per_l": null
    },
    {
      "id": 6122,
      "name": "Чоризо",
      "store": "Lidl",
      "price": 1.49,
      "old_price": 2.99,
      "discount_pct": 50,
      "image_url": null,
      "off_barcode": null,
      "group_id": null,
      "match_type": null,
      "match_confidence": null,
      "quantity_g": null,
      "quantity_ml": null,
      "price_per_kg": null,
      "price_per_l": null
    },
    {
      "id": 150,
      "name": "BELIISA Едам, Гауда или Ементалер\nслайс",
      "store": "Kaufland",
      "price": 4.99,
      "old_price": 9.97,
      "discount_pct": 49,
      "image_url": null,
      "off_barcode": null,
      "group_id": null,
      "match_type": null,
      "match_confidence": null,
      "quantity_g": null,
      "quantity_ml": null,
      "price_per_kg": null,
      "price_per_l": null
    },
    {
      "id": 4512,
      "name": "Beta Pet Котешка тоалетна",
      "store": "Kaufland",
      "price": 12.99,
      "old_price": 25.97,
      "discount_pct": 49,
      "image_url": null,
      "off_barcode": null,
      "group_id": null,
      "match_type": null,
      "match_confidence": null,
      "quantity_g": null,
      "quantity_ml": null,
      "price_per_kg": null,
      "price_per_l": null
    },
    {
      "id": 551,
      "name": "Bref WC Блокче Premium\nразлични видове",
      "store": "Kaufland",
      "price": 12.99,
      "old_price": 25.97,
      "discount_pct": 49,
      "image_url": null,
      "off_barcode": null,
      "group_id": null,
      "match_type": null,
      "match_confidence": null,
      "quantity_g": null,
      "quantity_ml": null,
      "price_per_kg": null,
      "price_per_l": null
    },
    {
      "id": 279,
      "name": "Eti Popkek Kейк\nразлични видове",
      "store": "Kaufland",
      "price": 4.19,
      "old_price": 8.37,
      "discount_pct": 49,
      "image_url": null,
      "off_barcode": null,
      "group_id": null,
      "match_type": null,
      "match_confidence": null,
      "quantity_g": null,
      "quantity_ml": null,
      "price_per_kg": null,
      "price_per_l": null
    },
    {
      "id": 463,
      "name": "Free Time Руло\nразлични видове",
      "store": "Kaufland",
      "price": 0.63,
      "old_price": 1.25,
      "discount_pct": 49,
      "image_url": null,
      "off_barcode": null,
      "group_id": null,
      "match_type": null,
      "match_confidence": null,
      "quantity_g": null,
      "quantity_ml": null,
      "price_per_kg": null,
      "price_per_l": null
    },
    {
      "id": 3444,
      "name": "HELLMANN'S Майонеза\nразлични видове",
      "store": "Kaufland",
      "price": 4.58,
      "old_price": 9.0,
      "discount_pct": 49,
      "image_url": null,
      "off_barcode": null,
      "group_id": null,
      "match_type": null,
      "match_confidence": null,
      "quantity_g": null,
      "quantity_ml": null,
      "price_per_kg": null,
      "price_per_l": null
    },
    {
      "id": 4576,
      "name": "LUMINARC Чиния за пица Carine\nØ32 см",
      "store": "Kaufland",
      "price": 4.99,
      "old_price": 9.97,
      "discount_pct": 49,
      "image_url": null,
      "off_barcode": null,
      "group_id": null,
      "match_type": null,
      "match_confidence": null,
      "quantity_g": null,
      "quantity_ml": null,
      "price_per_kg": null,
      "price_per_l": null
    },
    {
      "id": 4235,
      "name": "MILKA/ KIT KAT/ OREO Сладолед\nразлични вкусове",
      "store": "Kaufland",
      "price": 17.49,
      "old_price": 34.97,
      "discount_pct": 49,
      "image_url": null,
      "off_barcode": null,
      "group_id": null,
      "match_type": null,
      "match_confidence": null,
      "quantity_g": null,
      "quantity_ml": null,
      "price_per_kg": null,
      "price_per_l": null
    },
    {
      "id": 4392,
      "name": "Nivea Мицеларен измивен гел\nс розова вода",
      "store": "Kaufland",
      "price": 5.98,
      "old_price": 11.79,
      "discount_pct": 49,
      "image_url": null,
      "off_barcode": null,
      "group_id": null,
      "match_type": null,
      "match_confidence": null,
      "quantity_g": null,
      "quantity_ml": null,
      "price_per_kg": null,
      "price_per_l": null
    },
    {
      "id": 4049,
      "name": "Somat Таблетки за съдомиялна\nразлични видове",
      "store": "Kaufland",
      "price": 40.0,
      "old_price": 79.99,
      "discount_pct": 49,
      "image_url": null,
      "off_barcode": null,
      "group_id": null,
      "match_type": null,
      "match_confidence": null,
      "quantity_g": null,
      "quantity_ml": null,
      "price_per_kg": null,
      "price_per_l": null
    },
    {
      "id": 470,
      "name": "Tefal Фритюрник с горещ въздух\nEY1308",
      "store": "Kaufland",
      "price": 99.98,
      "old_price": 199.91,
      "discount_pct": 49,
      "image_url": null,
      "off_barcode": null,
      "group_id": null,
      "match_type": null,
      "match_confidence": null,
      "quantity_g": null,
      "quantity_ml": null,
      "price_per_kg": null,
      "price_per_l": null
    },
    {
      "id": 542,
      "name": "Зафирови Кашкавал\nот краве мляко",
      "store": "Kaufland",
      "price": 12.99,
      "old_price": 25.97,
      "discount_pct": 49,
      "image_url": null,
      "off_barcode": null,
      "group_id": null,
      "match_type": null,
      "match_confidence": null,
      "quantity_g": null,
      "quantity_ml": null,
      "price_per_kg": null,
      "price_per_l": null
    },
    {
      "id": 4651,
      "name": "BRIO Дъска Bamboo\n30 х 20 х 0,9 см",
      "store": "Kaufland",
      "price": 2.99,
      "old_price": 5.79,
      "discount_pct": 48,
      "image_url": null,
      "off_barcode": null,
      "group_id": null,
      "match_type": null,
      "match_confidence": null,
      "quantity_g": null,
      "quantity_ml": null,
      "price_per_kg": null,
      "price_per_l": null
    },
    {
      "id": 644,
      "name": "King оферта - Супер цена - Портокали За 1 кг",
      "store": "Billa",
      "price": 0.79,
      "old_price": 1.53,
      "discount_pct": 48,
      "image_url": null,
      "off_barcode": null,
      "group_id": null,
      "match_type": null,
      "match_confidence": null,
      "quantity_g": 1000,
      "quantity_ml": null,
      "price_per_kg": 0.79,
      "price_per_l": null
    },
    {
      "id": 3567,
      "name": "Meandra Червено, Бяло вино или Розе\nразлични сортове",
      "store": "Kaufland",
      "price": 8.98,
      "old_price": 17.29,
      "discount_pct": 48,
      "image_url": null,
      "off_barcode": null,
      "group_id": null,
      "match_type": null,
      "match_confidence": null,
      "quantity_g": null,
      "quantity_ml": null,
      "price_per_kg": null,
      "price_per_l": null
    },
    {
      "id": 2663,
      "name": "Акумулаторен пистолет за силикон | LIDL",
      "store": "Lidl",
      "price": 79.99,
      "old_price": 154.51,
      "discount_pct": 48,
      "image_url": null,
      "off_barcode": null,
      "group_id": null,
      "match_type": null,
      "match_confidence": null,
      "quantity_g": null,
      "quantity_ml": null,
      "price_per_kg": null,
      "price_per_l": null
    },
    {
      "id": 5025,
      "name": "Акумулаторна бормашина",
      "store": "Lidl",
      "price": 129.98,
      "old_price": 250.34,
      "discount_pct": 48,
      "image_url": null,
      "off_barcode": null,
      "group_id": null,
      "match_type": null,
      "match_confidence": null,
      "quantity_g": null,
      "quantity_ml": null,
      "price_per_kg": null,
      "price_per_l": null
    },
    {
      "id": 1133,
      "name": "Хорцето",
      "store": "Kaufland",
      "price": 1.02,
      "old_price": 1.99,
      "discount_pct": 48,
      "image_url": null,
      "off_barcode": null,
      "group_id": null,
      "match_type": null,
      "match_confidence": null,
      "quantity_g": null,
      "quantity_ml": null,
      "price_per_kg": null,
      "price_per_l": null
    },
    {
      "id": 215,
      "name": "Хорцето Лютеница\nфино смляна",
      "store": "Kaufland",
      "price": 1.99,
      "old_price": 3.89,
      "discount_pct": 48,
      "image_url": null,
      "off_barcode": null,
      "group_id": null,
      "match_type": null,
      "match_confidence": null,
      "quantity_g": null,
      "quantity_ml": null,
      "price_per_kg": null,
      "price_per_l": null
    },
    {
      "id": 1190,
      "name": "HEINZ",
      "store": "Kaufland",
      "price": 2.29,
      "old_price": 4.34,
      "discount_pct": 47,
      "image_url": null,
      "off_barcode": null,
      "group_id": null,
      "match_type": null,
      "match_confidence": null,
      "quantity_g": null,
      "quantity_ml": null,
      "price_per_kg": null,
      "price_per_l": null
    },
    {
      "id": 4335,
      "name": "HEINZ Майонеза\nкласик",
      "store": "Kaufland",
      "price": 4.48,
      "old_price": 8.49,
      "discount_pct": 47,
      "image_url": null,
      "off_barcode": null,
      "group_id": null,
      "match_type": null,
      "match_confidence": null,
      "quantity_g": null,
      "quantity_ml": null,
      "price_per_kg": null,
      "price_per_l": null
    },
    {
      "id": 645,
      "name": "King оферта - Супер цена - Гранде кебапче От топлата витрина 1 бр. Billa Ready",
      "store": "Billa",
      "price": 0.51,
      "old_price": 0.97,
      "discount_pct": 47,
      "image_url": null,
      "off_barcode": null,
      "group_id": null,
      "match_type": null,
      "match_confidence": null,
      "quantity_g": null,
      "quantity_ml": null,
      "price_per_kg": null,
      "price_per_l": null
    },
    {
      "id": 654,
      "name": "King оферта - Супер цена - Тандем Шунка XXL 500 г",
      "store": "Billa",
      "price": 3.59,
      "old_price": 6.85,
      "discount_pct": 47,
      "image_url": null,
      "off_barcode": null,
      "group_id": null,
      "match_type": null,
      "match_confidence": null,
      "quantity_g": 500,
      "quantity_ml": null,
      "price_per_kg": 7.18,
      "price_per_l": null
    },
    {
      "id": 1224,
      "name": "Lacmi",
      "store": "Kaufland",
      "price": 1.02,
      "old_price": 1.94,
      "discount_pct": 47,
      "image_url": null,
      "off_barcode": null,
      "group_id": null,
      "match_type": null,
      "match_confidence": null,
      "quantity_g": null,
      "quantity_ml": null,
      "price_per_kg": null,
      "price_per_l": null
    },
    {
      "id": 306,
      "name": "Lacmi Шоколад\nизбрани видове",
      "store": "Kaufland",
      "price": 1.99,
      "old_price": 3.79,
      "discount_pct": 47,
      "image_url": null,
      "off_barcode": null,
      "group_id": null,
      "match_type": null,
      "match_confidence": null,
      "quantity_g": null,
      "quantity_ml": null,
      "price_per_kg": null,
      "price_per_l": null
    },
    {
      "id": 305,
      "name": "Lacmi Шоколад\nразлични видове",
      "store": "Kaufland",
      "price": 1.99,
      "old_price": 3.79,
      "discount_pct": 47,
      "image_url": null,
      "off_barcode": null,
      "group_id": null,
      "match_type": null,
      "match_confidence": null,
      "quantity_g": null,
      "quantity_ml": null,
      "price_per_kg": null,
      "price_per_l": null
    },
    {
      "id": 4716,
      "name": "Muhler Tабуретка\n37,5 х 38 х 38 см",
      "store": "Kaufland",
      "price": 18.99,
      "old_price": 35.99,
      "discount_pct": 47,
      "image_url": null,
      "off_barcode": null,
      "group_id": null,
      "match_type": null,
      "match_confidence": null,
      "quantity_g": null,
      "quantity_ml": null,
      "price_per_kg": null,
      "price_per_l": null
    },
    {
      "id": 4390,
      "name": "Nivea Продукти за лице\nразлични видове",
      "store": "Kaufland",
      "price": 5.98,
      "old_price": 11.34,
      "discount_pct": 47,
      "image_url": null,
      "off_barcode": null,
      "group_id": null,
      "match_type": null,
      "match_confidence": null,
      "quantity_g": null,
      "quantity_ml": null,
      "price_per_kg": null,
      "price_per_l": null
    },
    {
      "id": 841,
      "name": "Pepsi газирана напитка 0,33 л",
      "store": "Billa",
      "price": 0.5,
      "old_price": 0.95,
      "discount_pct": 47,
      "image_url": null,
      "off_barcode": null,
      "group_id": "g_4e732ced",
      "match_type": "name_similarity",
      "match_confidence": 0.79,
      "quantity_g": null,
      "quantity_ml": 330,
      "price_per_kg": null,
      "price_per_l": 1.52
    },
    {
      "id": 3792,
      "name": "TEFAL Форма за мъфини Ceramik\n6 гнезда",
      "store": "Kaufland",
      "price": 19.99,
      "old_price": 37.98,
      "discount_pct": 47,
      "image_url": null,
      "off_barcode": null,
      "group_id": null,
      "match_type": null,
      "match_confidence": null,
      "quantity_g": 6,
      "quantity_ml": null,
      "price_per_kg": 3331.67,
      "price_per_l": null
    },
    {
      "id": 1078,
      "name": "Разбит хайвер",
      "store": "Kaufland",
      "price": 5.11,
      "old_price": 9.71,
      "discount_pct": 47,
      "image_url": null,
      "off_barcode": null,
      "group_id": null,
      "match_type": null,
      "match_confidence": null,
      "quantity_g": null,
      "quantity_ml": null,
      "price_per_kg": null,
      "price_per_l": null
    },
    {
      "id": 160,
      "name": "Разбит хайвер от свежата витрина",
      "store": "Kaufland",
      "price": 9.99,
      "old_price": 18.99,
      "discount_pct": 47,
      "image_url": null,
      "off_barcode": null,
      "group_id": null,
      "match_type": null,
      "match_confidence": null,
      "quantity_g": null,
      "quantity_ml": null,
      "price_per_kg": null,
      "price_per_l": null
    },
    {
      "id": 3636,
      "name": "Aquafresh Четка за зъби",
      "store": "Kaufland",
      "price": 2.99,
      "old_price": 5.59,
      "discount_pct": 46,
      "image_url": null,
      "off_barcode": null,
      "group_id": null,
      "match_type": null,
      "match_confidence": null,
      "quantity_g": null,
      "quantity_ml": null,
      "price_per_kg": null,
      "price_per_l": null
    },
    {
      "id": 4652,
      "name": "BRIO Дъска за рязане Acacia",
      "store": "Kaufland",
      "price": 4.79,
      "old_price": 9.0,
      "discount_pct": 46,
      "image_url": null,
      "off_barcode": null,
      "group_id": null,
      "match_type": null,
      "match_confidence": null,
      "quantity_g": null,
      "quantity_ml": null,
      "price_per_kg": null,
      "price_per_l": null
    },
    {
      "id": 3746,
      "name": "Dilios Халат за баня Петра\nS - XL",
      "store": "Kaufland",
      "price": 42.99,
      "old_price": 79.99,
      "discount_pct": 46,
      "image_url": null,
      "off_barcode": null,
      "group_id": null,
      "match_type": null,
      "match_confidence": null,
      "quantity_g": null,
      "quantity_ml": null,
      "price_per_kg": null,
      "price_per_l": null
    },
    {
      "id": 3747,
      "name": "Dilios Халат за баня Петра\\nS - XL",
      "store": "Kaufland",
      "price": 42.99,
      "old_price": 79.99,
      "discount_pct": 46,
      "image_url": null,
      "off_barcode": null,
      "group_id": null,
      "match_type": null,
      "match_confidence": null,
      "quantity_g": null,
      "quantity_ml": null,
      "price_per_kg": null,
      "price_per_l": null
    },
    {
      "id": 664,
      "name": "King оферта - Супер цена - Heinz Кетчуп оригинал 1,35 кг",
      "store": "Billa",
      "price": 4.13,
      "old_price": 7.66,
      "discount_pct": 46,
      "image_url": null,
      "off_barcode": null,
      "group_id": null,
      "match_type": null,
      "match_confidence": null,
      "quantity_g": 1350,
      "quantity_ml": null,
      "price_per_kg": 3.06,
      "price_per_l": null
    },
    {
      "id": 3441,
      "name": "Natura Боб\nекстра",
      "store": "Kaufland",
      "price": 1.99,
      "old_price": 3.7,
      "discount_pct": 46,
      "image_url": null,
      "off_barcode": null,
      "group_id": null,
      "match_type": null,
      "match_confidence": null,
      "quantity_g": null,
      "quantity_ml": null,
      "price_per_kg": null,
      "price_per_l": null
    },
    {
      "id": 1208,
      "name": "Nescafe",
      "store": "Kaufland",
      "price": 1.48,
      "old_price": 2.76,
      "discount_pct": 46,
      "image_url": null,
      "off_barcode": null,
      "group_id": null,
      "match_type": null,
      "match_confidence": null,
      "quantity_g": null,
      "quantity_ml": null,
      "price_per_kg": null,
      "price_per_l": null
    },
    {
      "id": 289,
      "name": "Nescafe Разтворимо кафе 2в1 или 3в1",
      "store": "Kaufland",
      "price": 2.89,
      "old_price": 5.4,
      "discount_pct": 46,
      "image_url": null,
      "off_barcode": null,
      "group_id": null,
      "match_type": null,
      "match_confidence": null,
      "quantity_g": null,
      "quantity_ml": null,
      "price_per_kg": null,
      "price_per_l": null
    },
    {
      "id": 3513,
      "name": "Морени Тунквана вафла\nразлични видове",
      "store": "Kaufland",
      "price": 0.59,
      "old_price": 1.1,
      "discount_pct": 46,
      "image_url": null,
      "off_barcode": null,
      "group_id": null,
      "match_type": null,
      "match_confidence": null,
      "quantity_g": null,
      "quantity_ml": null,
      "price_per_kg": null,
      "price_per_l": null
    },
    {
      "id": 672,
      "name": "Само с Billa Card - Sensodyne Whitening Паста за зъби 2 x 75 мл Продукт, маркиран със синя звезда",
      "store": "Billa",
      "price": 5.11,
      "old_price": 9.56,
      "discount_pct": 46,
      "image_url": null,
      "off_barcode": null,
      "group_id": null,
      "match_type": null,
      "match_confidence": null,
      "quantity_g": null,
      "quantity_ml": 150,
      "price_per_kg": null,
      "price_per_l": 34.07
    },
    {
      "id": 754,
      "name": "Само с Billa Card - Черни маслини Мамут 101-110* От деликатесната витрина За 1 кг",
      "store": "Billa",
      "price": 4.09,
      "old_price": 7.66,
      "discount_pct": 46,
      "image_url": null,
      "off_barcode": null,
      "group_id": null,
      "match_type": null,
      "match_confidence": null,
      "quantity_g": 1000,
      "quantity_ml": null,
      "price_per_kg": 4.09,
      "price_per_l": null
    },
    {
      "id": 4222,
      "name": "Свински котлет от свежата витрина",
      "store": "Kaufland",
      "price": 6.98,
      "old_price": 12.99,
      "discount_pct": 46,
      "image_url": null,
      "off_barcode": null,
      "group_id": null,
      "match_type": null,
      "match_confidence": null,
      "quantity_g": null,
      "quantity_ml": null,
      "price_per_kg": null,
      "price_per_l": null
    },
    {
      "id": 916,
      "name": "Супер цена - Illy мляно кафе 250 г",
      "store": "Billa",
      "price": 7.61,
      "old_price": 14.31,
      "discount_pct": 46,
      "image_url": null,
      "off_barcode": null,
      "group_id": null,
      "match_type": null,
      "match_confidence": null,
      "quantity_g": 250,
      "quantity_ml": null,
      "price_per_kg": 30.44,
      "price_per_l": null
    },
    {
      "id": 811,
      "name": "Супер цена - Nescafe Разтворима напитка 3 в 1 плик 10 х 15q5 г",
      "store": "Billa",
      "price": 1.48,
      "old_price": 2.76,
      "discount_pct": 46,
      "image_url": null,
      "off_barcode": null,
      "group_id": null,
      "match_type": null,
      "match_confidence": null,
      "quantity_g": 5,
      "quantity_ml": null,
      "price_per_kg": 296.0,
      "price_per_l": null
    },
    {
      "id": 3326,
      "name": "Galaxy Сладолед във фунийка\nизбрани вкусове",
      "store": "Kaufland",
      "price": 1.19,
      "old_price": 2.19,
      "discount_pct": 45,
      "image_url": null,
      "off_barcode": null,
      "group_id": null,
      "match_type": null,
      "match_confidence": null,
      "quantity_g": null,
      "quantity_ml": null,
      "price_per_kg": null,
      "price_per_l": null
    },
    {
      "id": 999,
      "name": "Motorola",
      "store": "Kaufland",
      "price": 19.42,
      "old_price": 35.79,
      "discount_pct": 45,
      "image_url": null,
      "off_barcode": null,
      "group_id": null,
      "match_type": null,
      "match_confidence": null,
      "quantity_g": null,
      "quantity_ml": null,
      "price_per_kg": null,
      "price_per_l": null
    },
    {
      "id": 3480,
      "name": "Nescafe Разтворимо кафе 3в1",
      "store": "Kaufland",
      "price": 5.79,
      "old_price": 10.58,
      "discount_pct": 45,
      "image_url": null,
      "off_barcode": null,
      "group_id": null,
      "match_type": null,
      "match_confidence": null,
      "quantity_g": null,
      "quantity_ml": null,
      "price_per_kg": null,
      "price_per_l": null
    },
    {
      "id": 4529,
      "name": "Osram LED Star лампа\n8 W",
      "store": "Kaufland",
      "price": 2.99,
      "old_price": 5.5,
      "discount_pct": 45,
      "image_url": null,
      "off_barcode": null,
      "group_id": null,
      "match_type": null,
      "match_confidence": null,
      "quantity_g": null,
      "quantity_ml": null,
      "price_per_kg": null,
      "price_per_l": null
    },
    {
      "id": 3380,
      "name": "Reeva Инстантни спагети\nразлични видове",
      "store": "Kaufland",
      "price": 0.68,
      "old_price": 1.25,
      "discount_pct": 45,
      "image_url": null,
      "off_barcode": null,
      "group_id": null,
      "match_type": null,
      "match_confidence": null,
      "quantity_g": null,
      "quantity_ml": null,
      "price_per_kg": null,
      "price_per_l": null
    },
    {
      "id": 1430,
      "name": "TRISTAR",
      "store": "Kaufland",
      "price": 56.19,
      "old_price": 102.21,
      "discount_pct": 45,
      "image_url": null,
      "off_barcode": null,
      "group_id": null,
      "match_type": null,
      "match_confidence": null,
      "quantity_g": null,
      "quantity_ml": null,
      "price_per_kg": null,
      "price_per_l": null
    },
    {
      "id": 490,
      "name": "TRISTAR Прахосмукачка робот SZ-4187",
      "store": "Kaufland",
      "price": 109.9,
      "old_price": 199.91,
      "discount_pct": 45,
      "image_url": null,
      "off_barcode": null,
      "group_id": null,
      "match_type": null,
      "match_confidence": null,
      "quantity_g": null,
      "quantity_ml": null,
      "price_per_kg": null,
      "price_per_l": null
    },
    {
      "id": 4698,
      "name": "Tefal Комплект съдове за готвене\nIngenio Easy Cook",
      "store": "Kaufland",
      "price": 119.89,
      "old_price": 219.89,
      "discount_pct": 45,
      "image_url": null,
      "off_barcode": null,
      "group_id": null,
      "match_type": null,
      "match_confidence": null,
      "quantity_g": null,
      "quantity_ml": null,
      "price_per_kg": null,
      "price_per_l": null
    },
    {
      "id": 1227,
      "name": "Toblerone",
      "store": "Kaufland",
      "price": 1.53,
      "old_price": 2.81,
      "discount_pct": 45,
      "image_url": null,
      "off_barcode": null,
      "group_id": null,
      "match_type": null,
      "match_confidence": null,
      "quantity_g": null,
      "quantity_ml": null,
      "price_per_kg": null,
      "price_per_l": null
    },
    {
      "id": 4356,
      "name": "Toblerone Шоколад\nразлични видове",
      "store": "Kaufland",
      "price": 2.99,
      "old_price": 5.5,
      "discount_pct": 45,
      "image_url": null,
      "off_barcode": null,
      "group_id": null,
      "match_type": null,
      "match_confidence": null,
      "quantity_g": null,
      "quantity_ml": null,
      "price_per_kg": null,
      "price_per_l": null
    },
    {
      "id": 4208,
      "name": "Vici Салата от сурими, зеленчуци\\nи бял сос",
      "store": "Kaufland",
      "price": 12.73,
      "old_price": 23.49,
      "discount_pct": 45,
      "image_url": null,
      "off_barcode": null,
      "group_id": null,
      "match_type": null,
      "match_confidence": null,
      "quantity_g": null,
      "quantity_ml": null,
      "price_per_kg": null,
      "price_per_l": null
    },
    {
      "id": 1481,
      "name": "Zatecky",
      "store": "Kaufland",
      "price": 2.29,
      "old_price": 4.24,
      "discount_pct": 45,
      "image_url": null,
      "off_barcode": null,
      "group_id": null,
      "match_type": null,
      "match_confidence": null,
      "quantity_g": null,
      "quantity_ml": null,
      "price_per_kg": null,
      "price_per_l": null
    },
    {
      "id": 3164,
      "name": "Zatecky Бира\n4,6% vol",
      "store": "Kaufland",
      "price": 4.48,
      "old_price": 8.29,
      "discount_pct": 45,
      "image_url": null,
      "off_barcode": null,
      "group_id": null,
      "match_type": null,
      "match_confidence": null,
      "quantity_g": null,
      "quantity_ml": null,
      "price_per_kg": null,
      "price_per_l": null
    },
    {
      "id": 4537,
      "name": "Лактофол Спрей за орхидеи",
      "store": "Kaufland",
      "price": 2.99,
      "old_price": 5.48,
      "discount_pct": 45,
      "image_url": null,
      "off_barcode": null,
      "group_id": null,
      "match_type": null,
      "match_confidence": null,
      "quantity_g": null,
      "quantity_ml": null,
      "price_per_kg": null,
      "price_per_l": null
    },
    {
      "id": 1067,
      "name": "Лотос",
      "store": "Kaufland",
      "price": 15.33,
      "old_price": 28.12,
      "discount_pct": 45,
      "image_url": null,
      "off_barcode": null,
      "group_id": null,
      "match_type": null,
      "match_confidence": null,
      "quantity_g": null,
      "quantity_ml": null,
      "price_per_kg": null,
      "price_per_l": null
    },
    {
      "id": 149,
      "name": "Лотос Роле Трапезица\nот свежата витрина",
      "store": "Kaufland",
      "price": 29.98,
      "old_price": 55.0,
      "discount_pct": 45,
      "image_url": null,
      "off_barcode": null,
      "group_id": null,
      "match_type": null,
      "match_confidence": null,
      "quantity_g": null,
      "quantity_ml": null,
      "price_per_kg": null,
      "price_per_l": null
    },
    {
      "id": 1041,
      "name": "Манго",
      "store": "Kaufland",
      "price": 1.12,
      "old_price": 2.04,
      "discount_pct": 45,
      "image_url": null,
      "off_barcode": null,
      "group_id": "g_a87ff679",
      "match_type": "name_similarity",
      "match_confidence": 1.0,
      "quantity_g": null,
      "quantity_ml": null,
      "price_per_kg": null,
      "price_per_l": null
    },
    {
      "id": 876,
      "name": "Супер цена - Colgate Max White Charcoal Паста за зъби 75 мл или Colgate Slim Soft Четка за зъби 1 бр",
      "store": "Billa",
      "price": 2.04,
      "old_price": 3.73,
      "discount_pct": 45,
      "image_url": null,
      "off_barcode": null,
      "group_id": null,
      "match_type": null,
      "match_confidence": null,
      "quantity_g": null,
      "quantity_ml": 75,
      "price_per_kg": null,
      "price_per_l": 27.2
    },
    {
      "id": 3728,
      "name": "Alpfa Кутия\\n60 л, 59 x 39 x 36 см",
      "store": "Kaufland",
      "price": 15.98,
      "old_price": 28.99,
      "discount_pct": 44,
      "image_url": null,
      "off_barcode": null,
      "group_id": null,
      "match_type": null,
      "match_confidence": null,
      "quantity_g": null,
      "quantity_ml": 60000,
      "price_per_kg": null,
      "price_per_l": 0.27
    },
    {
      "id": 798,
      "name": "Billa Мексиканска салата с риба тон 150 г",
      "store": "Billa",
      "price": 1.27,
      "old_price": 2.3,
      "discount_pct": 44,
      "image_url": null,
      "off_barcode": null,
      "group_id": null,
      "match_type": null,
      "match_confidence": null,
      "quantity_g": 150,
      "quantity_ml": null,
      "price_per_kg": 8.47,
      "price_per_l": null
    },
    {
      "id": 4616,
      "name": "Home Practic Стълба\n2 стъпала",
      "store": "Kaufland",
      "price": 27.99,
      "old_price": 49.99,
      "discount_pct": 44,
      "image_url": null,
      "off_barcode": null,
      "group_id": null,
      "match_type": null,
      "match_confidence": null,
      "quantity_g": null,
      "quantity_ml": null,
      "price_per_kg": null,
      "price_per_l": null
    },
    {
      "id": 3812,
      "name": "K-Classic Четка за тоалетна",
      "store": "Kaufland",
      "price": 4.99,
      "old_price": 8.98,
      "discount_pct": 44,
      "image_url": null,
      "off_barcode": null,
      "group_id": null,
      "match_type": null,
      "match_confidence": null,
      "quantity_g": null,
      "quantity_ml": null,
      "price_per_kg": null,
      "price_per_l": null
    },
    {
      "id": 3360,
      "name": "Karo Пастет\nразлични видове",
      "store": "Kaufland",
      "price": 1.78,
      "old_price": 3.19,
      "discount_pct": 44,
      "image_url": null,
      "off_barcode": null,
      "group_id": null,
      "match_type": null,
      "match_confidence": null,
      "quantity_g": null,
      "quantity_ml": null,
      "price_per_kg": null,
      "price_per_l": null
    },
    {
      "id": 3488,
      "name": "Kimbo Кафе на зърна\nEspresso Napoli",
      "store": "Kaufland",
      "price": 39.98,
      "old_price": 71.8,
      "discount_pct": 44,
      "image_url": null,
      "off_barcode": null,
      "group_id": null,
      "match_type": null,
      "match_confidence": null,
      "quantity_g": null,
      "quantity_ml": null,
      "price_per_kg": null,
      "price_per_l": null
    },
    {
      "id": 3890,
      "name": "Laica Филтър Bi-Flux или\nBi-Flux МineralBalance",
      "store": "Kaufland",
      "price": 19.99,
      "old_price": 35.99,
      "discount_pct": 44,
      "image_url": null,
      "off_barcode": null,
      "group_id": null,
      "match_type": null,
      "match_confidence": null,
      "quantity_g": null,
      "quantity_ml": null,
      "price_per_kg": null,
      "price_per_l": null
    },
    {
      "id": 838,
      "name": "Prisun негазирана напитка 1,5 л",
      "store": "Billa",
      "price": 0.91,
      "old_price": 1.63,
      "discount_pct": 44,
      "image_url": null,
      "off_barcode": null,
      "group_id": "g_02e74f10",
      "match_type": "name_similarity",
      "match_confidence": 0.79,
      "quantity_g": null,
      "quantity_ml": 1500,
      "price_per_kg": null,
      "price_per_l": 0.61
    },
    {
      "id": 3340,
      "name": "Vedenemo Калмарени рингове\nпанирани",
      "store": "Kaufland",
      "price": 3.89,
      "old_price": 6.98,
      "discount_pct": 44,
      "image_url": null,
      "off_barcode": null,
      "group_id": null,
      "match_type": null,
      "match_confidence": null,
      "quantity_g": null,
      "quantity_ml": null,
      "price_per_kg": null,
      "price_per_l": null
    },
    {
      "id": 3339,
      "name": "Vedenemo Скумрия\nзамразена",
      "store": "Kaufland",
      "price": 4.99,
      "old_price": 9.0,
      "discount_pct": 44,
      "image_url": null,
      "off_barcode": null,
      "group_id": null,
      "match_type": null,
      "match_confidence": null,
      "quantity_g": null,
      "quantity_ml": null,
      "price_per_kg": null,
      "price_per_l": null
    },
    {
      "id": 5211,
      "name": "Банани",
      "store": "Kaufland",
      "price": 1.02,
      "old_price": 1.84,
      "discount_pct": 44,
      "image_url": null,
      "off_barcode": null,
      "group_id": null,
      "match_type": null,
      "match_confidence": null,
      "quantity_g": null,
      "quantity_ml": null,
      "price_per_kg": null,
      "price_per_l": null
    },
    {
      "id": 726,
      "name": "Бейби багета От Billa пекарна 50 г Billa Ready",
      "store": "Billa",
      "price": 0.1,
      "old_price": 0.18,
      "discount_pct": 44,
      "image_url": null,
      "off_barcode": null,
      "group_id": null,
      "match_type": null,
      "match_confidence": null,
      "quantity_g": 50,
      "quantity_ml": null,
      "price_per_kg": 2.0,
      "price_per_l": null
    },
    {
      "id": 3304,
      "name": "Болярче Сирене от краве мляко\nот свежата витрина",
      "store": "Kaufland",
      "price": 10.99,
      "old_price": 19.7,
      "discount_pct": 44,
      "image_url": null,
      "off_barcode": null,
      "group_id": null,
      "match_type": null,
      "match_confidence": null,
      "quantity_g": null,
      "quantity_ml": null,
      "price_per_kg": null,
      "price_per_l": null
    },
    {
      "id": 1025,
      "name": "Мити картофи",
      "store": "Kaufland",
      "price": 2.27,
      "old_price": 4.09,
      "discount_pct": 44,
      "image_url": null,
      "off_barcode": null,
      "group_id": null,
      "match_type": null,
      "match_confidence": null,
      "quantity_g": null,
      "quantity_ml": null,
      "price_per_kg": null,
      "price_per_l": null
    },
    {
      "id": 1124,
      "name": "Натурални маслини",
      "store": "Kaufland",
      "price": 3.83,
      "old_price": 6.9,
      "discount_pct": 44,
      "image_url": null,
      "off_barcode": null,
      "group_id": null,
      "match_type": null,
      "match_confidence": null,
      "quantity_g": null,
      "quantity_ml": null,
      "price_per_kg": null,
      "price_per_l": null
    },
    {
      "id": 4313,
      "name": "Натурални маслини Супер Колосал",
      "store": "Kaufland",
      "price": 7.49,
      "old_price": 13.5,
      "discount_pct": 44,
      "image_url": null,
      "off_barcode": null,
      "group_id": null,
      "match_type": null,
      "match_confidence": null,
      "quantity_g": null,
      "quantity_ml": null,
      "price_per_kg": null,
      "price_per_l": null
    },
    {
      "id": 3260,
      "name": "Свински бут без кост от свежата витрина",
      "store": "Kaufland",
      "price": 6.98,
      "old_price": 12.5,
      "discount_pct": 44,
      "image_url": null,
      "off_barcode": null,
      "group_id": "g_98f13708",
      "match_type": "name_similarity",
      "match_confidence": 0.87,
      "quantity_g": null,
      "quantity_ml": null,
      "price_per_kg": null,
      "price_per_l": null
    },
    {
      "id": 767,
      "name": "Супер цена - Deutsche Markenbutter краве масло 250 г",
      "store": "Billa",
      "price": 2.55,
      "old_price": 4.6,
      "discount_pct": 44,
      "image_url": null,
      "off_barcode": null,
      "group_id": null,
      "match_type": null,
      "match_confidence": null,
      "quantity_g": 250,
      "quantity_ml": null,
      "price_per_kg": 10.2,
      "price_per_l": null
    },
    {
      "id": 749,
      "name": "Супер цена - Перелик Филе Елена От деликатесната витрина За 1 кг Продукт, маркиран със синя звезда Х",
      "store": "Billa",
      "price": 14.99,
      "old_price": 27.09,
      "discount_pct": 44,
      "image_url": null,
      "off_barcode": null,
      "group_id": null,
      "match_type": null,
      "match_confidence": null,
      "quantity_g": 1000,
      "quantity_ml": null,
      "price_per_kg": 14.99,
      "price_per_l": null
    },
    {
      "id": 3454,
      "name": "ALEAS Маслиново масло\nекстра върджин",
      "store": "Kaufland",
      "price": 16.98,
      "old_price": 29.98,
      "discount_pct": 43,
      "image_url": null,
      "off_barcode": null,
      "group_id": null,
      "match_type": null,
      "match_confidence": null,
      "quantity_g": null,
      "quantity_ml": null,
      "price_per_kg": null,
      "price_per_l": null
    },
    {
      "id": 4214,
      "name": "Bref WC блокче Color Aktiv\nразлични видове",
      "store": "Kaufland",
      "price": 16.98,
      "old_price": 29.98,
      "discount_pct": 43,
      "image_url": null,
      "off_barcode": null,
      "group_id": null,
      "match_type": null,
      "match_confidence": null,
      "quantity_g": null,
      "quantity_ml": null,
      "price_per_kg": null,
      "price_per_l": null
    },
    {
      "id": 958,
      "name": "Davidoff",
      "store": "Kaufland",
      "price": 6.89,
      "old_price": 12.27,
      "discount_pct": 43,
      "image_url": null,
      "off_barcode": null,
      "group_id": null,
      "match_type": null,
      "match_confidence": null,
      "quantity_g": null,
      "quantity_ml": null,
      "price_per_kg": null,
      "price_per_l": null
    },
    {
      "id": 514,
      "name": "Dilios Халат Венеция\nS - XL",
      "store": "Kaufland",
      "price": 44.94,
      "old_price": 79.99,
      "discount_pct": 43,
      "image_url": null,
      "off_barcode": null,
      "group_id": null,
      "match_type": null,
      "match_confidence": null,
      "quantity_g": null,
      "quantity_ml": null,
      "price_per_kg": null,
      "price_per_l": null
    },
    {
      "id": 874,
      "name": "Garnier Sinnat Мицеларна вода 400 мл",
      "store": "Billa",
      "price": 2.7,
      "old_price": 4.8,
      "discount_pct": 43,
      "image_url": null,
      "off_barcode": null,
      "group_id": null,
      "match_type": null,
      "match_confidence": null,
      "quantity_g": null,
      "quantity_ml": 400,
      "price_per_kg": null,
      "price_per_l": 6.75
    },
    {
      "id": 1408,
      "name": "Termomax",
      "store": "Kaufland",
      "price": 23.0,
      "old_price": 40.9,
      "discount_pct": 43,
      "image_url": null,
      "off_barcode": null,
      "group_id": null,
      "match_type": null,
      "match_confidence": null,
      "quantity_g": null,
      "quantity_ml": null,
      "price_per_kg": null,
      "price_per_l": null
    },
    {
      "id": 4552,
      "name": "Termomax Електрическа фурна BR1010",
      "store": "Kaufland",
      "price": 44.98,
      "old_price": 79.99,
      "discount_pct": 43,
      "image_url": null,
      "off_barcode": null,
      "group_id": null,
      "match_type": null,
      "match_confidence": null,
      "quantity_g": null,
      "quantity_ml": null,
      "price_per_kg": null,
      "price_per_l": null
    },
    {
      "id": 1032,
      "name": "Жълт лук",
      "store": "Kaufland",
      "price": 0.4,
      "old_price": 0.71,
      "discount_pct": 43,
      "image_url": null,
      "off_barcode": null,
      "group_id": null,
      "match_type": null,
      "match_confidence": null,
      "quantity_g": null,
      "quantity_ml": null,
      "price_per_kg": null,
      "price_per_l": null
    },
    {
      "id": 1128,
      "name": "Маслини Каламата",
      "store": "Kaufland",
      "price": 4.59,
      "old_price": 8.18,
      "discount_pct": 43,
      "image_url": null,
      "off_barcode": null,
      "group_id": null,
      "match_type": null,
      "match_confidence": null,
      "quantity_g": null,
      "quantity_ml": null,
      "price_per_kg": null,
      "price_per_l": null
    },
    {
      "id": 210,
      "name": "Маслини Каламата 201/260",
      "store": "Kaufland",
      "price": 8.98,
      "old_price": 16.0,
      "discount_pct": 43,
      "image_url": null,
      "off_barcode": null,
      "group_id": null,
      "match_type": null,
      "match_confidence": null,
      "quantity_g": null,
      "quantity_ml": null,
      "price_per_kg": null,
      "price_per_l": null
    },
    {
      "id": 803,
      "name": "Морени Maxx Вафла 49 г Произход - България",
      "store": "Billa",
      "price": 0.4,
      "old_price": 0.71,
      "discount_pct": 43,
      "image_url": null,
      "off_barcode": null,
      "group_id": null,
      "match_type": null,
      "match_confidence": null,
      "quantity_g": 49,
      "quantity_ml": null,
      "price_per_kg": 8.16,
      "price_per_l": null
    },
    {
      "id": 1275,
      "name": "Хисар",
      "store": "Kaufland",
      "price": 1.27,
      "old_price": 2.24,
      "discount_pct": 43,
      "image_url": null,
      "off_barcode": null,
      "group_id": null,
      "match_type": null,
      "match_confidence": null,
      "quantity_g": null,
      "quantity_ml": null,
      "price_per_kg": null,
      "price_per_l": null
    },
    {
      "id": 357,
      "name": "Хисар Натурална минерална вода",
      "store": "Kaufland",
      "price": 2.48,
      "old_price": 4.38,
      "discount_pct": 43,
      "image_url": null,
      "off_barcode": null,
      "group_id": null,
      "match_type": null,
      "match_confidence": null,
      "quantity_g": null,
      "quantity_ml": null,
      "price_per_kg": null,
      "price_per_l": null
    },
    {
      "id": 1036,
      "name": "Червено зеле",
      "store": "Kaufland",
      "price": 0.66,
      "old_price": 1.17,
      "discount_pct": 43,
      "image_url": null,
      "off_barcode": null,
      "group_id": null,
      "match_type": null,
      "match_confidence": null,
      "quantity_g": null,
      "quantity_ml": null,
      "price_per_kg": null,
      "price_per_l": null
    },
    {
      "id": 1410,
      "name": "BRAVISSIMO",
      "store": "Kaufland",
      "price": 56.19,
      "old_price": 97.09,
      "discount_pct": 42,
      "image_url": null,
      "off_barcode": null,
      "group_id": null,
      "match_type": null,
      "match_confidence": null,
      "quantity_g": null,
      "quantity_ml": null,
      "price_per_kg": null,
      "price_per_l": null
    },
    {
      "id": 492,
      "name": "BRAVISSIMO Еспресо машина 3в1",
      "store": "Kaufland",
      "price": 109.9,
      "old_price": 189.89,
      "discount_pct": 42,
      "image_url": null,
      "off_barcode": null,
      "group_id": null,
      "match_type": null,
      "match_confidence": null,
      "quantity_g": null,
      "quantity_ml": null,
      "price_per_kg": null,
      "price_per_l": null
    },
    {
      "id": 1098,
      "name": "Bergader",
      "store": "Kaufland",
      "price": 14.82,
      "old_price": 25.56,
      "discount_pct": 42,
      "image_url": null,
      "off_barcode": null,
      "group_id": null,
      "match_type": null,
      "match_confidence": null,
      "quantity_g": null,
      "quantity_ml": null,
      "price_per_kg": null,
      "price_per_l": null
    },
    {
      "id": 180,
      "name": "Bergader Синьо сирене Gran Bavarese\nот свежата витрина",
      "store": "Kaufland",
      "price": 28.99,
      "old_price": 49.99,
      "discount_pct": 42,
      "image_url": null,
      "off_barcode": null,
      "group_id": null,
      "match_type": null,
      "match_confidence": null,
      "quantity_g": null,
      "quantity_ml": null,
      "price_per_kg": null,
      "price_per_l": null
    },
    {
      "id": 3485,
      "name": "DAVIDOFF Кафе на зърна\nразлични видове",
      "store": "Kaufland",
      "price": 28.89,
      "old_price": 49.99,
      "discount_pct": 42,
      "image_url": null,
      "off_barcode": null,
      "group_id": null,
      "match_type": null,
      "match_confidence": null,
      "quantity_g": null,
      "quantity_ml": null,
      "price_per_kg": null,
      "price_per_l": null
    },
    {
      "id": 1086,
      "name": "DEUTSCHE MARKENBUTTER",
      "store": "Kaufland",
      "price": 1.88,
      "old_price": 3.29,
      "discount_pct": 42,
      "image_url": null,
      "off_barcode": null,
      "group_id": null,
      "match_type": null,
      "match_confidence": null,
      "quantity_g": null,
      "quantity_ml": null,
      "price_per_kg": null,
      "price_per_l": null
    },
    {
      "id": 4298,
      "name": "DEUTSCHE MARKENBUTTER Краве масло",
      "store": "Kaufland",
      "price": 3.68,
      "old_price": 6.43,
      "discount_pct": 42,
      "image_url": null,
      "off_barcode": null,
      "group_id": null,
      "match_type": null,
      "match_confidence": null,
      "quantity_g": null,
      "quantity_ml": null,
      "price_per_kg": null,
      "price_per_l": null
    },
    {
      "id": 1202,
      "name": "Eduscho",
      "store": "Kaufland",
      "price": 15.33,
      "old_price": 26.58,
      "discount_pct": 42,
      "image_url": null,
      "off_barcode": null,
      "group_id": null,
      "match_type": null,
      "match_confidence": null,
      "quantity_g": null,
      "quantity_ml": null,
      "price_per_kg": null,
      "price_per_l": null
    },
    {
      "id": 4344,
      "name": "Eduscho Кафе на зърна\nразлични видове",
      "store": "Kaufland",
      "price": 29.98,
      "old_price": 51.99,
      "discount_pct": 42,
      "image_url": null,
      "off_barcode": null,
      "group_id": null,
      "match_type": null,
      "match_confidence": null,
      "quantity_g": null,
      "quantity_ml": null,
      "price_per_kg": null,
      "price_per_l": null
    },
    {
      "id": 1215,
      "name": "Ruffles",
      "store": "Kaufland",
      "price": 1.15,
      "old_price": 1.99,
      "discount_pct": 42,
      "image_url": null,
      "off_barcode": null,
      "group_id": null,
      "match_type": null,
      "match_confidence": null,
      "quantity_g": null,
      "quantity_ml": null,
      "price_per_kg": null,
      "price_per_l": null
    },
    {
      "id": 296,
      "name": "Ruffles Kартофен чипс\nразлични вкусове",
      "store": "Kaufland",
      "price": 2.25,
      "old_price": 3.89,
      "discount_pct": 42,
      "image_url": null,
      "off_barcode": null,
      "group_id": null,
      "match_type": null,
      "match_confidence": null,
      "quantity_g": null,
      "quantity_ml": null,
      "price_per_kg": null,
      "price_per_l": null
    },
    {
      "id": 297,
      "name": "Ruffles Картофен чипс\nразлични вкусове",
      "store": "Kaufland",
      "price": 2.25,
      "old_price": 3.89,
      "discount_pct": 42,
      "image_url": null,
      "off_barcode": null,
      "group_id": null,
      "match_type": null,
      "match_confidence": null,
      "quantity_g": null,
      "quantity_ml": null,
      "price_per_kg": null,
      "price_per_l": null
    },
    {
      "id": 1010,
      "name": "Titanum",
      "store": "Kaufland",
      "price": 10.22,
      "old_price": 17.89,
      "discount_pct": 42,
      "image_url": null,
      "off_barcode": null,
      "group_id": null,
      "match_type": null,
      "match_confidence": null,
      "quantity_g": null,
      "quantity_ml": null,
      "price_per_kg": null,
      "price_per_l": null
    },
    {
      "id": 6093,
      "name": "Бяло пшенично брашно",
      "store": "Lidl",
      "price": 1.75,
      "old_price": 3.06,
      "discount_pct": 42,
      "image_url": null,
      "off_barcode": null,
      "group_id": null,
      "match_type": null,
      "match_confidence": null,
      "quantity_g": null,
      "quantity_ml": null,
      "price_per_kg": null,
      "price_per_l": null
    },
    {
      "id": 4304,
      "name": "Елена Сирене от овче мляко\nот свежата витрина",
      "store": "Kaufland",
      "price": 17.99,
      "old_price": 31.49,
      "discount_pct": 42,
      "image_url": null,
      "off_barcode": null,
      "group_id": null,
      "match_type": null,
      "match_confidence": null,
      "quantity_g": null,
      "quantity_ml": null,
      "price_per_kg": null,
      "price_per_l": null
    },
    {
      "id": 3268,
      "name": "Ивет Македонска наденица",
      "store": "Kaufland",
      "price": 5.48,
      "old_price": 9.49,
      "discount_pct": 42,
      "image_url": null,
      "off_barcode": null,
      "group_id": null,
      "match_type": null,
      "match_confidence": null,
      "quantity_g": null,
      "quantity_ml": null,
      "price_per_kg": null,
      "price_per_l": null
    },
    {
      "id": 3435,
      "name": "Кифлички различни видове",
      "store": "Kaufland",
      "price": 1.99,
      "old_price": 3.48,
      "discount_pct": 42,
      "image_url": null,
      "off_barcode": null,
      "group_id": null,
      "match_type": null,
      "match_confidence": null,
      "quantity_g": null,
      "quantity_ml": null,
      "price_per_kg": null,
      "price_per_l": null
    },
    {
      "id": 5947,
      "name": "Лалета",
      "store": "Lidl",
      "price": 2.29,
      "old_price": 3.99,
      "discount_pct": 42,
      "image_url": null,
      "off_barcode": null,
      "group_id": null,
      "match_type": null,
      "match_confidence": null,
      "quantity_g": null,
      "quantity_ml": null,
      "price_per_kg": null,
      "price_per_l": null
    },
    {
      "id": 1122,
      "name": "Маслини Гръцка салата",
      "store": "Kaufland",
      "price": 4.08,
      "old_price": 7.15,
      "discount_pct": 42,
      "image_url": null,
      "off_barcode": null,
      "group_id": null,
      "match_type": null,
      "match_confidence": null,
      "quantity_g": null,
      "quantity_ml": null,
      "price_per_kg": null,
      "price_per_l": null
    },
    {
      "id": 204,
      "name": "Маслини Гръцка салата от свежата витрина",
      "store": "Kaufland",
      "price": 7.98,
      "old_price": 13.98,
      "discount_pct": 42,
      "image_url": null,
      "off_barcode": null,
      "group_id": null,
      "match_type": null,
      "match_confidence": null,
      "quantity_g": null,
      "quantity_ml": null,
      "price_per_kg": null,
      "price_per_l": null
    },
    {
      "id": 3370,
      "name": "Маслини Каламата Джъмбо 181/260",
      "store": "Kaufland",
      "price": 9.99,
      "old_price": 17.39,
      "discount_pct": 42,
      "image_url": null,
      "off_barcode": null,
      "group_id": null,
      "match_type": null,
      "match_confidence": null,
      "quantity_g": null,
      "quantity_ml": null,
      "price_per_kg": null,
      "price_per_l": null
    },
    {
      "id": 145,
      "name": "Перелик Старец\nот свежата витрина",
      "store": "Kaufland",
      "price": 19.99,
      "old_price": 34.99,
      "discount_pct": 42,
      "image_url": null,
      "off_barcode": null,
      "group_id": null,
      "match_type": null,
      "match_confidence": null,
      "quantity_g": null,
      "quantity_ml": null,
      "price_per_kg": null,
      "price_per_l": null
    },
    {
      "id": 1121,
      "name": "Реколта",
      "store": "Kaufland",
      "price": 1.02,
      "old_price": 1.78,
      "discount_pct": 42,
      "image_url": null,
      "off_barcode": null,
      "group_id": null,
      "match_type": null,
      "match_confidence": null,
      "quantity_g": null,
      "quantity_ml": null,
      "price_per_kg": null,
      "price_per_l": null
    },
    {
      "id": 14,
      "name": "Реколта Кисели краставички",
      "store": "Kaufland",
      "price": 1.99,
      "old_price": 3.48,
      "discount_pct": 42,
      "image_url": null,
      "off_barcode": null,
      "group_id": null,
      "match_type": null,
      "match_confidence": null,
      "quantity_g": null,
      "quantity_ml": null,
      "price_per_kg": null,
      "price_per_l": null
    },
    {
      "id": 3215,
      "name": "Салата Айсберг",
      "store": "Kaufland",
      "price": 1.99,
      "old_price": 3.48,
      "discount_pct": 42,
      "image_url": null,
      "off_barcode": null,
      "group_id": null,
      "match_type": null,
      "match_confidence": null,
      "quantity_g": null,
      "quantity_ml": null,
      "price_per_kg": null,
      "price_per_l": null
    },
    {
      "id": 1399,
      "name": "Стелаж",
      "store": "Kaufland",
      "price": 20.44,
      "old_price": 35.79,
      "discount_pct": 42,
      "image_url": null,
      "off_barcode": null,
      "group_id": null,
      "match_type": null,
      "match_confidence": null,
      "quantity_g": null,
      "quantity_ml": null,
      "price_per_kg": null,
      "price_per_l": null
    },
    {
      "id": 481,
      "name": "Стелаж 5 нива",
      "store": "Kaufland",
      "price": 39.98,
      "old_price": 70.0,
      "discount_pct": 42,
      "image_url": null,
      "off_barcode": null,
      "group_id": null,
      "match_type": null,
      "match_confidence": null,
      "quantity_g": null,
      "quantity_ml": null,
      "price_per_kg": null,
      "price_per_l": null
    },
    {
      "id": 3434,
      "name": "ТИМС Кифлички\nразлични видове",
      "store": "Kaufland",
      "price": 1.99,
      "old_price": 3.48,
      "discount_pct": 42,
      "image_url": null,
      "off_barcode": null,
      "group_id": null,
      "match_type": null,
      "match_confidence": null,
      "quantity_g": null,
      "quantity_ml": null,
      "price_per_kg": null,
      "price_per_l": null
    },
    {
      "id": 772,
      "name": "Тимс Кифлички 250 г Произход - България",
      "store": "Billa",
      "price": 1.02,
      "old_price": 1.78,
      "discount_pct": 42,
      "image_url": null,
      "off_barcode": null,
      "group_id": null,
      "match_type": null,
      "match_confidence": null,
      "quantity_g": 250,
      "quantity_ml": null,
      "price_per_kg": 4.08,
      "price_per_l": null
    },
    {
      "id": 3225,
      "name": "Червено цвекло Клас: I",
      "store": "Kaufland",
      "price": 1.15,
      "old_price": 1.99,
      "discount_pct": 42,
      "image_url": null,
      "off_barcode": null,
      "group_id": null,
      "match_type": null,
      "match_confidence": null,
      "quantity_g": null,
      "quantity_ml": null,
      "price_per_kg": null,
      "price_per_l": null
    },
    {
      "id": 3371,
      "name": "Черни маслини Супер, Супер Мамут",
      "store": "Kaufland",
      "price": 7.98,
      "old_price": 13.98,
      "discount_pct": 42,
      "image_url": null,
      "off_barcode": null,
      "group_id": null,
      "match_type": null,
      "match_confidence": null,
      "quantity_g": null,
      "quantity_ml": null,
      "price_per_kg": null,
      "price_per_l": null
    },
    {
      "id": 1458,
      "name": "Шкаф",
      "store": "Kaufland",
      "price": 19.42,
      "old_price": 33.74,
      "discount_pct": 42,
      "image_url": null,
      "off_barcode": null,
      "group_id": null,
      "match_type": null,
      "match_confidence": null,
      "quantity_g": null,
      "quantity_ml": null,
      "price_per_kg": null,
      "price_per_l": null
    },
    {
      "id": 1356,
      "name": "Amstel",
      "store": "Kaufland",
      "price": 3.32,
      "old_price": 5.64,
      "discount_pct": 41,
      "image_url": null,
      "off_barcode": null,
      "group_id": null,
      "match_type": null,
      "match_confidence": null,
      "quantity_g": null,
      "quantity_ml": null,
      "price_per_kg": null,
      "price_per_l": null
    },
    {
      "id": 438,
      "name": "Amstel Бира Premium Pilsener",
      "store": "Kaufland",
      "price": 6.49,
      "old_price": 11.03,
      "discount_pct": 41,
      "image_url": null,
      "off_barcode": null,
      "group_id": null,
      "match_type": null,
      "match_confidence": null,
      "quantity_g": null,
      "quantity_ml": null,
      "price_per_kg": null,
      "price_per_l": null
    },
    {
      "id": 4229,
      "name": "Aroma Глицеринов сапун\nNatural Elements",
      "store": "Kaufland",
      "price": 0.98,
      "old_price": 1.68,
      "discount_pct": 41,
      "image_url": null,
      "off_barcode": null,
      "group_id": null,
      "match_type": null,
      "match_confidence": null,
      "quantity_g": null,
      "quantity_ml": null,
      "price_per_kg": null,
      "price_per_l": null
    },
    {
      "id": 4228,
      "name": "Aroma Глицеринов сапун Natural\nразлични видове",
      "store": "Kaufland",
      "price": 0.98,
      "old_price": 1.68,
      "discount_pct": 41,
      "image_url": null,
      "off_barcode": null,
      "group_id": null,
      "match_type": null,
      "match_confidence": null,
      "quantity_g": null,
      "quantity_ml": null,
      "price_per_kg": null,
      "price_per_l": null
    },
    {
      "id": 3300,
      "name": "Bergader Синьо сирене\nот свежата витрина",
      "store": "Kaufland",
      "price": 31.98,
      "old_price": 55.0,
      "discount_pct": 41,
      "image_url": null,
      "off_barcode": null,
      "group_id": null,
      "match_type": null,
      "match_confidence": null,
      "quantity_g": null,
      "quantity_ml": null,
      "price_per_kg": null,
      "price_per_l": null
    },
    {
      "id": 892,
      "name": "Clever Моп тип пеперуда 1 бр.",
      "store": "Billa",
      "price": 3.57,
      "old_price": 6.13,
      "discount_pct": 41,
      "image_url": null,
      "off_barcode": null,
      "group_id": null,
      "match_type": null,
      "match_confidence": null,
      "quantity_g": null,
      "quantity_ml": null,
      "price_per_kg": null,
      "price_per_l": null
    },
    {
      "id": 1004,
      "name": "GLORIA",
      "store": "Kaufland",
      "price": 10.22,
      "old_price": 17.38,
      "discount_pct": 41,
      "image_url": null,
      "off_barcode": null,
      "group_id": null,
      "match_type": null,
      "match_confidence": null,
      "quantity_g": null,
      "quantity_ml": null,
      "price_per_kg": null,
      "price_per_l": null
    },
    {
      "id": 1170,
      "name": "GRAND COMMERCE",
      "store": "Kaufland",
      "price": 1.02,
      "old_price": 1.73,
      "discount_pct": 41,
      "image_url": null,
      "off_barcode": null,
      "group_id": null,
      "match_type": null,
      "match_confidence": null,
      "quantity_g": null,
      "quantity_ml": null,
      "price_per_kg": null,
      "price_per_l": null
    },
    {
      "id": 252,
      "name": "GRAND COMMERCE Кифлички\nразлични видове",
      "store": "Kaufland",
      "price": 1.99,
      "old_price": 3.38,
      "discount_pct": 41,
      "image_url": null,
      "off_barcode": null,
      "group_id": null,
      "match_type": null,
      "match_confidence": null,
      "quantity_g": null,
      "quantity_ml": null,
      "price_per_kg": null,
      "price_per_l": null
    },
    {
      "id": 3359,
      "name": "K-Classic Домати на кубчета",
      "store": "Kaufland",
      "price": 0.98,
      "old_price": 1.68,
      "discount_pct": 41,
      "image_url": null,
      "off_barcode": null,
      "group_id": null,
      "match_type": null,
      "match_confidence": null,
      "quantity_g": null,
      "quantity_ml": null,
      "price_per_kg": null,
      "price_per_l": null
    },
    {
      "id": 656,
      "name": "King оферта - Супер цена - Перелик Салам Закуска XXL 300 г",
      "store": "Billa",
      "price": 2.99,
      "old_price": 5.11,
      "discount_pct": 41,
      "image_url": null,
      "off_barcode": null,
      "group_id": null,
      "match_type": null,
      "match_confidence": null,
      "quantity_g": 300,
      "quantity_ml": null,
      "price_per_kg": 9.97,
      "price_per_l": null
    },
    {
      "id": 488,
      "name": "MUHLER Електрическа скара\nсъс стъклен капак",
      "store": "Kaufland",
      "price": 69.98,
      "old_price": 119.89,
      "discount_pct": 41,
      "image_url": null,
      "off_barcode": null,
      "group_id": null,
      "match_type": null,
      "match_confidence": null,
      "quantity_g": null,
      "quantity_ml": null,
      "price_per_kg": null,
      "price_per_l": null
    },
    {
      "id": 3534,
      "name": "Metaxa 5* Алкохолна напитка\nпромопакет",
      "store": "Kaufland",
      "price": 19.99,
      "old_price": 33.99,
      "discount_pct": 41,
      "image_url": null,
      "off_barcode": null,
      "group_id": null,
      "match_type": null,
      "match_confidence": null,
      "quantity_g": null,
      "quantity_ml": null,
      "price_per_kg": null,
      "price_per_l": null
    },
    {
      "id": 4528,
      "name": "Osram LED Star лампа\n10 W",
      "store": "Kaufland",
      "price": 3.48,
      "old_price": 5.98,
      "discount_pct": 41,
      "image_url": null,
      "off_barcode": null,
      "group_id": null,
      "match_type": null,
      "match_confidence": null,
      "quantity_g": null,
      "quantity_ml": null,
      "price_per_kg": null,
      "price_per_l": null
    },
    {
      "id": 1100,
      "name": "Paturages Comtois",
      "store": "Kaufland",
      "price": 13.8,
      "old_price": 23.72,
      "discount_pct": 41,
      "image_url": null,
      "off_barcode": null,
      "group_id": null,
      "match_type": null,
      "match_confidence": null,
      "quantity_g": null,
      "quantity_ml": null,
      "price_per_kg": null,
      "price_per_l": null
    },
    {
      "id": 182,
      "name": "Paturages Comtois Сирене Бри\nот свежата витрина",
      "store": "Kaufland",
      "price": 26.99,
      "old_price": 46.39,
      "discount_pct": 41,
      "image_url": null,
      "off_barcode": null,
      "group_id": null,
      "match_type": null,
      "match_confidence": null,
      "quantity_g": null,
      "quantity_ml": null,
      "price_per_kg": null,
      "price_per_l": null
    },
    {
      "id": 3793,
      "name": "TEFAL Форма за мъфини Ceramik\n12 гнезда",
      "store": "Kaufland",
      "price": 27.99,
      "old_price": 48.0,
      "discount_pct": 41,
      "image_url": null,
      "off_barcode": null,
      "group_id": null,
      "match_type": null,
      "match_confidence": null,
      "quantity_g": 12,
      "quantity_ml": null,
      "price_per_kg": 2332.5,
      "price_per_l": null
    },
    {
      "id": 1209,
      "name": "Tchibo Espresso",
      "store": "Kaufland",
      "price": 5.11,
      "old_price": 8.69,
      "discount_pct": 41,
      "image_url": null,
      "off_barcode": null,
      "group_id": null,
      "match_type": null,
      "match_confidence": null,
      "quantity_g": null,
      "quantity_ml": null,
      "price_per_kg": null,
      "price_per_l": null
    },
    {
      "id": 290,
      "name": "Tchibo Espresso Мляно кафе\nразлични видове",
      "store": "Kaufland",
      "price": 9.99,
      "old_price": 17.0,
      "discount_pct": 41,
      "image_url": null,
      "off_barcode": null,
      "group_id": null,
      "match_type": null,
      "match_confidence": null,
      "quantity_g": null,
      "quantity_ml": null,
      "price_per_kg": null,
      "price_per_l": null
    },
    {
      "id": 4562,
      "name": "Tefal Ютия FV1710",
      "store": "Kaufland",
      "price": 34.99,
      "old_price": 59.99,
      "discount_pct": 41,
      "image_url": null,
      "off_barcode": null,
      "group_id": null,
      "match_type": null,
      "match_confidence": null,
      "quantity_g": null,
      "quantity_ml": null,
      "price_per_kg": null,
      "price_per_l": null
    },
    {
      "id": 3726,
      "name": "Vileda Резерва за моп Ultramax",
      "store": "Kaufland",
      "price": 16.98,
      "old_price": 28.99,
      "discount_pct": 41,
      "image_url": null,
      "off_barcode": null,
      "group_id": null,
      "match_type": null,
      "match_confidence": null,
      "quantity_g": null,
      "quantity_ml": null,
      "price_per_kg": null,
      "price_per_l": null
    },
    {
      "id": 4031,
      "name": "Амфора Суха паста\nразлични видове",
      "store": "Kaufland",
      "price": 0.59,
      "old_price": 1.0,
      "discount_pct": 41,
      "image_url": null,
      "off_barcode": null,
      "group_id": null,
      "match_type": null,
      "match_confidence": null,
      "quantity_g": null,
      "quantity_ml": null,
      "price_per_kg": null,
      "price_per_l": null
    },
    {
      "id": 5753,
      "name": "Брецел",
      "store": "Lidl",
      "price": 0.3,
      "old_price": 0.51,
      "discount_pct": 41,
      "image_url": null,
      "off_barcode": null,
      "group_id": null,
      "match_type": null,
      "match_confidence": null,
      "quantity_g": null,
      "quantity_ml": null,
      "price_per_kg": null,
      "price_per_l": null
    },
    {
      "id": 1037,
      "name": "Домати Рома кг",
      "store": "Kaufland",
      "price": 1.78,
      "old_price": 3.06,
      "discount_pct": 41,
      "image_url": null,
      "off_barcode": null,
      "group_id": null,
      "match_type": null,
      "match_confidence": null,
      "quantity_g": null,
      "quantity_ml": null,
      "price_per_kg": null,
      "price_per_l": null
    },
    {
      "id": 1171,
      "name": "Кифлички",
      "store": "Kaufland",
      "price": 1.02,
      "old_price": 1.73,
      "discount_pct": 41,
      "image_url": null,
      "off_barcode": null,
      "group_id": null,
      "match_type": null,
      "match_confidence": null,
      "quantity_g": null,
      "quantity_ml": null,
      "price_per_kg": null,
      "price_per_l": null
    },
    {
      "id": 7,
      "name": "Кифлички с какаов крем",
      "store": "Kaufland",
      "price": 1.99,
      "old_price": 3.38,
      "discount_pct": 41,
      "image_url": null,
      "off_barcode": null,
      "group_id": null,
      "match_type": null,
      "match_confidence": null,
      "quantity_g": null,
      "quantity_ml": null,
      "price_per_kg": null,
      "price_per_l": null
    },
    {
      "id": 5671,
      "name": "Пилешко бутче",
      "store": "Kaufland",
      "price": 1.78,
      "old_price": 3.06,
      "discount_pct": 41,
      "image_url": null,
      "off_barcode": null,
      "group_id": null,
      "match_type": null,
      "match_confidence": null,
      "quantity_g": null,
      "quantity_ml": null,
      "price_per_kg": null,
      "price_per_l": null
    },
    {
      "id": 3165,
      "name": "Пилешко бутче до 10 кг на покупка",
      "store": "Kaufland",
      "price": 3.48,
      "old_price": 5.98,
      "discount_pct": 41,
      "image_url": null,
      "off_barcode": null,
      "group_id": null,
      "match_type": null,
      "match_confidence": null,
      "quantity_g": 10000,
      "quantity_ml": null,
      "price_per_kg": 0.35,
      "price_per_l": null
    },
    {
      "id": 5737,
      "name": "Портокали",
      "store": "Lidl",
      "price": 0.89,
      "old_price": 1.53,
      "discount_pct": 41,
      "image_url": null,
      "off_barcode": null,
      "group_id": "g_c4ca4238",
      "match_type": "name_similarity",
      "match_confidence": 1.0,
      "quantity_g": null,
      "quantity_ml": null,
      "price_per_kg": null,
      "price_per_l": null
    },
    {
      "id": 3197,
      "name": "Репички",
      "store": "Kaufland",
      "price": 0.98,
      "old_price": 1.68,
      "discount_pct": 41,
      "image_url": null,
      "off_barcode": null,
      "group_id": null,
      "match_type": null,
      "match_confidence": null,
      "quantity_g": null,
      "quantity_ml": null,
      "price_per_kg": null,
      "price_per_l": null
    },
    {
      "id": 693,
      "name": "Спанак листа 200 г",
      "store": "Billa",
      "price": 1.19,
      "old_price": 2.04,
      "discount_pct": 41,
      "image_url": null,
      "off_barcode": null,
      "group_id": null,
      "match_type": null,
      "match_confidence": null,
      "quantity_g": 200,
      "quantity_ml": null,
      "price_per_kg": 5.95,
      "price_per_l": null
    },
    {
      "id": 994,
      "name": "AFTER EIGHT",
      "store": "Kaufland",
      "price": 3.06,
      "old_price": 5.11,
      "discount_pct": 40,
      "image_url": null,
      "off_barcode": null,
      "group_id": null,
      "match_type": null,
      "match_confidence": null,
      "quantity_g": null,
      "quantity_ml": null,
      "price_per_kg": null,
      "price_per_l": null
    },
    {
      "id": 3313,
      "name": "Bergader Полутвърдо пушено сирене\nс чили",
      "store": "Kaufland",
      "price": 37.98,
      "old_price": 63.8,
      "discount_pct": 40,
      "image_url": null,
      "off_barcode": null,
      "group_id": null,
      "match_type": null,
      "match_confidence": null,
      "quantity_g": null,
      "quantity_ml": null,
      "price_per_kg": null,
      "price_per_l": null
    },
    {
      "id": 3779,
      "name": "DILIOS Хавлиена кърпа Fresh\n30 x 50 см",
      "store": "Kaufland",
      "price": 2.99,
      "old_price": 4.99,
      "discount_pct": 40,
      "image_url": null,
      "off_barcode": null,
      "group_id": null,
      "match_type": null,
      "match_confidence": null,
      "quantity_g": null,
      "quantity_ml": null,
      "price_per_kg": null,
      "price_per_l": null
    },
    {
      "id": 3780,
      "name": "DILIOS Хавлиена кърпа Fresh\\n30 x 50 см",
      "store": "Kaufland",
      "price": 2.99,
      "old_price": 4.99,
      "discount_pct": 40,
      "image_url": null,
      "off_barcode": null,
      "group_id": null,
      "match_type": null,
      "match_confidence": null,
      "quantity_g": null,
      "quantity_ml": null,
      "price_per_kg": null,
      "price_per_l": null
    },
    {
      "id": 4636,
      "name": "Ditex Калъфки за възглавница\n50 х 70 см",
      "store": "Kaufland",
      "price": 5.98,
      "old_price": 9.99,
      "discount_pct": 40,
      "image_url": null,
      "off_barcode": null,
      "group_id": null,
      "match_type": null,
      "match_confidence": null,
      "quantity_g": null,
      "quantity_ml": null,
      "price_per_kg": null,
      "price_per_l": null
    },
    {
      "id": 3337,
      "name": "Familia Сладолед\nразлични вкусове",
      "store": "Kaufland",
      "price": 4.48,
      "old_price": 7.49,
      "discount_pct": 40,
      "image_url": null,
      "off_barcode": null,
      "group_id": null,
      "match_type": null,
      "match_confidence": null,
      "quantity_g": null,
      "quantity_ml": null,
      "price_per_kg": null,
      "price_per_l": null
    },
    {
      "id": 3493,
      "name": "Hula Hoops Снакс\nразлични вкусове",
      "store": "Kaufland",
      "price": 1.19,
      "old_price": 1.99,
      "discount_pct": 40,
      "image_url": null,
      "off_barcode": null,
      "group_id": null,
      "match_type": null,
      "match_confidence": null,
      "quantity_g": null,
      "quantity_ml": null,
      "price_per_kg": null,
      "price_per_l": null
    },
    {
      "id": 658,
      "name": "King оферта - Супер цена - Орехите Луканка Смядовска вакум 350 г",
      "store": "Billa",
      "price": 6.13,
      "old_price": 10.22,
      "discount_pct": 40,
      "image_url": null,
      "off_barcode": null,
      "group_id": null,
      "match_type": null,
      "match_confidence": null,
      "quantity_g": 350,
      "quantity_ml": null,
      "price_per_kg": 17.51,
      "price_per_l": null
    },
    {
      "id": 3510,
      "name": "Kit Kat Десерт 4Fingers\nразлични видове",
      "store": "Kaufland",
      "price": 1.19,
      "old_price": 1.99,
      "discount_pct": 40,
      "image_url": null,
      "off_barcode": null,
      "group_id": null,
      "match_type": null,
      "match_confidence": null,
      "quantity_g": null,
      "quantity_ml": null,
      "price_per_kg": null,
      "price_per_l": null
    },
    {
      "id": 321,
      "name": "Lindt Lindor Шоколадови бонбони\nразлични видове",
      "store": "Kaufland",
      "price": 13.98,
      "old_price": 23.59,
      "discount_pct": 40,
      "image_url": null,
      "off_barcode": null,
      "group_id": null,
      "match_type": null,
      "match_confidence": null,
      "quantity_g": null,
      "quantity_ml": null,
      "price_per_kg": null,
      "price_per_l": null
    },
    {
      "id": 3479,
      "name": "Melitta Мляно кафе\nGrand Aroma",
      "store": "Kaufland",
      "price": 14.98,
      "old_price": 25.0,
      "discount_pct": 40,
      "image_url": null,
      "off_barcode": null,
      "group_id": null,
      "match_type": null,
      "match_confidence": null,
      "quantity_g": null,
      "quantity_ml": null,
      "price_per_kg": null,
      "price_per_l": null
    },
    {
      "id": 795,
      "name": "Monini Маслиново масло екстра върджин 1 л",
      "store": "Billa",
      "price": 11.49,
      "old_price": 19.42,
      "discount_pct": 40,
      "image_url": null,
      "off_barcode": null,
      "group_id": null,
      "match_type": null,
      "match_confidence": null,
      "quantity_g": null,
      "quantity_ml": 1000,
      "price_per_kg": null,
      "price_per_l": 11.49
    },
    {
      "id": 3511,
      "name": "Nestle LZ/ KIT KAT 4Fingers Шоколад или Десерт\nразлични видове",
      "store": "Kaufland",
      "price": 1.19,
      "old_price": 1.99,
      "discount_pct": 40,
      "image_url": null,
      "off_barcode": null,
      "group_id": null,
      "match_type": null,
      "match_confidence": null,
      "quantity_g": null,
      "quantity_ml": null,
      "price_per_kg": null,
      "price_per_l": null
    },
    {
      "id": 3666,
      "name": "Nivea Лосион за тяло\nRepair & Care",
      "store": "Kaufland",
      "price": 7.98,
      "old_price": 13.4,
      "discount_pct": 40,
      "image_url": null,
      "off_barcode": null,
      "group_id": null,
      "match_type": null,
      "match_confidence": null,
      "quantity_g": null,
      "quantity_ml": null,
      "price_per_kg": null,
      "price_per_l": null
    },
    {
      "id": 473,
      "name": "Osram LED Star лампа\n13 W",
      "store": "Kaufland",
      "price": 5.98,
      "old_price": 9.99,
      "discount_pct": 40,
      "image_url": null,
      "off_barcode": null,
      "group_id": null,
      "match_type": null,
      "match_confidence": null,
      "quantity_g": null,
      "quantity_ml": null,
      "price_per_kg": null,
      "price_per_l": null
    },
    {
      "id": 498,
      "name": "PHILIPS Епилатор BRE228/00",
      "store": "Kaufland",
      "price": 47.98,
      "old_price": 79.99,
      "discount_pct": 40,
      "image_url": null,
      "off_barcode": null,
      "group_id": null,
      "match_type": null,
      "match_confidence": null,
      "quantity_g": null,
      "quantity_ml": null,
      "price_per_kg": null,
      "price_per_l": null
    },
    {
      "id": 4227,
      "name": "Passport Шотландско уиски",
      "store": "Kaufland",
      "price": 12.99,
      "old_price": 21.98,
      "discount_pct": 40,
      "image_url": null,
      "off_barcode": null,
      "group_id": null,
      "match_type": null,
      "match_confidence": null,
      "quantity_g": null,
      "quantity_ml": null,
      "price_per_kg": null,
      "price_per_l": null
    },
    {
      "id": 200,
      "name": "Penelope Набор за супа\nпатешки",
      "store": "Kaufland",
      "price": 2.99,
      "old_price": 4.99,
      "discount_pct": 40,
      "image_url": null,
      "off_barcode": null,
      "group_id": null,
      "match_type": null,
      "match_confidence": null,
      "quantity_g": null,
      "quantity_ml": null,
      "price_per_kg": null,
      "price_per_l": null
    },
    {
      "id": 1192,
      "name": "Star",
      "store": "Kaufland",
      "price": 0.61,
      "old_price": 1.02,
      "discount_pct": 40,
      "image_url": null,
      "off_barcode": null,
      "group_id": null,
      "match_type": null,
      "match_confidence": null,
      "quantity_g": null,
      "quantity_ml": null,
      "price_per_kg": null,
      "price_per_l": null
    },
    {
      "id": 273,
      "name": "Star Снакс\nразлични вкусове",
      "store": "Kaufland",
      "price": 1.19,
      "old_price": 1.99,
      "discount_pct": 40,
      "image_url": null,
      "off_barcode": null,
      "group_id": null,
      "match_type": null,
      "match_confidence": null,
      "quantity_g": null,
      "quantity_ml": null,
      "price_per_kg": null,
      "price_per_l": null
    },
    {
      "id": 274,
      "name": "Star Снакс\nфъстък и лешник",
      "store": "Kaufland",
      "price": 1.19,
      "old_price": 1.99,
      "discount_pct": 40,
      "image_url": null,
      "off_barcode": null,
      "group_id": null,
      "match_type": null,
      "match_confidence": null,
      "quantity_g": null,
      "quantity_ml": null,
      "price_per_kg": null,
      "price_per_l": null
    },
    {
      "id": 3789,
      "name": "TEFAL Форма за кекс Ceramik\n23 х 12 см",
      "store": "Kaufland",
      "price": 14.98,
      "old_price": 25.0,
      "discount_pct": 40,
      "image_url": null,
      "off_barcode": null,
      "group_id": null,
      "match_type": null,
      "match_confidence": null,
      "quantity_g": null,
      "quantity_ml": null,
      "price_per_kg": null,
      "price_per_l": null
    },
    {
      "id": 3790,
      "name": "TEFAL Форма за кекс Ceramik\nØ17 см",
      "store": "Kaufland",
      "price": 11.99,
      "old_price": 19.99,
      "discount_pct": 40,
      "image_url": null,
      "off_barcode": null,
      "group_id": null,
      "match_type": null,
      "match_confidence": null,
      "quantity_g": null,
      "quantity_ml": null,
      "price_per_kg": null,
      "price_per_l": null
    },
    {
      "id": 2989,
      "name": "Акумулаторен ръчен циркуляр | LIDL",
      "store": "Lidl",
      "price": 89.99,
      "old_price": 150.6,
      "discount_pct": 40,
      "image_url": null,
      "off_barcode": null,
      "group_id": null,
      "match_type": null,
      "match_confidence": null,
      "quantity_g": null,
      "quantity_ml": null,
      "price_per_kg": null,
      "price_per_l": null
    },
    {
      "id": 4237,
      "name": "Булмед Пчелен мед",
      "store": "Kaufland",
      "price": 8.88,
      "old_price": 14.98,
      "discount_pct": 40,
      "image_url": null,
      "off_barcode": null,
      "group_id": null,
      "match_type": null,
      "match_confidence": null,
      "quantity_g": null,
      "quantity_ml": null,
      "price_per_kg": null,
      "price_per_l": null
    },
    {
      "id": 1141,
      "name": "Геврек със сирене и сусам",
      "store": "Kaufland",
      "price": 0.5,
      "old_price": 0.84,
      "discount_pct": 40,
      "image_url": null,
      "off_barcode": null,
      "group_id": null,
      "match_type": null,
      "match_confidence": null,
      "quantity_g": null,
      "quantity_ml": null,
      "price_per_kg": null,
      "price_per_l": null
    },
    {
      "id": 223,
      "name": "Геврек със сирене и сусам от нашата пекарна",
      "store": "Kaufland",
      "price": 0.98,
      "old_price": 1.64,
      "discount_pct": 40,
      "image_url": null,
      "off_barcode": null,
      "group_id": null,
      "match_type": null,
      "match_confidence": null,
      "quantity_g": null,
      "quantity_ml": null,
      "price_per_kg": null,
      "price_per_l": null
    },
    {
      "id": 3580,
      "name": "Загорка Бира\nразлични видове",
      "store": "Kaufland",
      "price": 1.04,
      "old_price": 1.76,
      "discount_pct": 40,
      "image_url": null,
      "off_barcode": null,
      "group_id": null,
      "match_type": null,
      "match_confidence": null,
      "quantity_g": null,
      "quantity_ml": null,
      "price_per_kg": null,
      "price_per_l": null
    },
    {
      "id": 625,
      "name": "Инстантно кафе Голд",
      "store": "Lidl",
      "price": 1.88,
      "old_price": 3.16,
      "discount_pct": 40,
      "image_url": null,
      "off_barcode": null,
      "group_id": null,
      "match_type": null,
      "match_confidence": null,
      "quantity_g": null,
      "quantity_ml": null,
      "price_per_kg": null,
      "price_per_l": null
    },
    {
      "id": 1123,
      "name": "Маслини Каламата екстра",
      "store": "Kaufland",
      "price": 6.13,
      "old_price": 10.22,
      "discount_pct": 40,
      "image_url": null,
      "off_barcode": null,
      "group_id": null,
      "match_type": null,
      "match_confidence": null,
      "quantity_g": null,
      "quantity_ml": null,
      "price_per_kg": null,
      "price_per_l": null
    },
    {
      "id": 205,
      "name": "Маслини Каламата екстра от свежата витрина",
      "store": "Kaufland",
      "price": 11.99,
      "old_price": 19.99,
      "discount_pct": 40,
      "image_url": null,
      "off_barcode": null,
      "group_id": null,
      "match_type": null,
      "match_confidence": null,
      "quantity_g": null,
      "quantity_ml": null,
      "price_per_kg": null,
      "price_per_l": null
    },
    {
      "id": 3241,
      "name": "Народен Македонска наденица\nот свежата витрина",
      "store": "Kaufland",
      "price": 8.98,
      "old_price": 14.98,
      "discount_pct": 40,
      "image_url": null,
      "off_barcode": null,
      "group_id": null,
      "match_type": null,
      "match_confidence": null,
      "quantity_g": null,
      "quantity_ml": null,
      "price_per_kg": null,
      "price_per_l": null
    },
    {
      "id": 739,
      "name": "Нашенци Телешки или хамбурски колбас 800 г",
      "store": "Billa",
      "price": 1.99,
      "old_price": 3.32,
      "discount_pct": 40,
      "image_url": null,
      "off_barcode": null,
      "group_id": null,
      "match_type": null,
      "match_confidence": null,
      "quantity_g": 800,
      "quantity_ml": null,
      "price_per_kg": 2.49,
      "price_per_l": null
    },
    {
      "id": 3382,
      "name": "Реколта Печена капия",
      "store": "Kaufland",
      "price": 3.99,
      "old_price": 6.75,
      "discount_pct": 40,
      "image_url": null,
      "off_barcode": null,
      "group_id": null,
      "match_type": null,
      "match_confidence": null,
      "quantity_g": null,
      "quantity_ml": null,
      "price_per_kg": null,
      "price_per_l": null
    },
    {
      "id": 3218,
      "name": "Спанак листа",
      "store": "Kaufland",
      "price": 2.99,
      "old_price": 4.99,
      "discount_pct": 40,
      "image_url": null,
      "off_barcode": null,
      "group_id": null,
      "match_type": null,
      "match_confidence": null,
      "quantity_g": null,
      "quantity_ml": null,
      "price_per_kg": null,
      "price_per_l": null
    },
    {
      "id": 1028,
      "name": "Червени ябълки",
      "store": "Kaufland",
      "price": 0.76,
      "old_price": 1.27,
      "discount_pct": 40,
      "image_url": null,
      "off_barcode": null,
      "group_id": "g_c81e728d",
      "match_type": "name_similarity",
      "match_confidence": 1.0,
      "quantity_g": null,
      "quantity_ml": null,
      "price_per_kg": null,
      "price_per_l": null
    },
    {
      "id": 5731,
      "name": "Червени ябълки",
      "store": "Lidl",
      "price": 0.76,
      "old_price": 1.27,
      "discount_pct": 40,
      "image_url": null,
      "off_barcode": null,
      "group_id": "g_c81e728d",
      "match_type": "name_similarity",
      "match_confidence": 1.0,
      "quantity_g": null,
      "quantity_ml": null,
      "price_per_kg": null,
      "price_per_l": null
    },
    {
      "id": 6119,
      "name": "Шоколадови белгийски бонбони с пълнеж",
      "store": "Lidl",
      "price": 3.06,
      "old_price": 5.11,
      "discount_pct": 40,
      "image_url": null,
      "off_barcode": null,
      "group_id": null,
      "match_type": null,
      "match_confidence": null,
      "quantity_g": null,
      "quantity_ml": null,
      "price_per_kg": null,
      "price_per_l": null
    },
    {
      "id": 3581,
      "name": "Шуменско Бира",
      "store": "Kaufland",
      "price": 0.98,
      "old_price": 1.64,
      "discount_pct": 40,
      "image_url": null,
      "off_barcode": null,
      "group_id": null,
      "match_type": null,
      "match_confidence": null,
      "quantity_g": null,
      "quantity_ml": null,
      "price_per_kg": null,
      "price_per_l": null
    },
    {
      "id": 3207,
      "name": "Ябълки Бребърн",
      "store": "Kaufland",
      "price": 2.99,
      "old_price": 4.99,
      "discount_pct": 40,
      "image_url": null,
      "off_barcode": null,
      "group_id": null,
      "match_type": null,
      "match_confidence": null,
      "quantity_g": null,
      "quantity_ml": null,
      "price_per_kg": null,
      "price_per_l": null
    },
    {
      "id": 5729,
      "name": "Ягоди",
      "store": "Lidl",
      "price": 1.78,
      "old_price": 2.99,
      "discount_pct": 40,
      "image_url": null,
      "off_barcode": null,
      "group_id": "g_1ff1de77",
      "match_type": "name_similarity",
      "match_confidence": 1.0,
      "quantity_g": null,
      "quantity_ml": null,
      "price_per_kg": null,
      "price_per_l": null
    },
    {
      "id": 4033,
      "name": "Barni Кексче\nразлични вкусове",
      "store": "Kaufland",
      "price": 1.99,
      "old_price": 3.29,
      "discount_pct": 39,
      "image_url": null,
      "off_barcode": null,
      "group_id": null,
      "match_type": null,
      "match_confidence": null,
      "quantity_g": null,
      "quantity_ml": null,
      "price_per_kg": null,
      "price_per_l": null
    },
    {
      "id": 41,
      "name": "Chio Солети и крекери Maxi Mix",
      "store": "Kaufland",
      "price": 3.48,
      "old_price": 5.79,
      "discount_pct": 39,
      "image_url": null,
      "off_barcode": null,
      "group_id": null,
      "match_type": null,
      "match_confidence": null,
      "quantity_g": null,
      "quantity_ml": null,
      "price_per_kg": null,
      "price_per_l": null
    },
    {
      "id": 872,
      "name": "Dove Advanced Дезодорант спрей 200 мл",
      "store": "Billa",
      "price": 3.96,
      "old_price": 6.54,
      "discount_pct": 39,
      "image_url": null,
      "off_barcode": null,
      "group_id": null,
      "match_type": null,
      "match_confidence": null,
      "quantity_g": null,
      "quantity_ml": 200,
      "price_per_kg": null,
      "price_per_l": 19.8
    },
    {
      "id": 1191,
      "name": "ETI",
      "store": "Kaufland",
      "price": 0.23,
      "old_price": 0.38,
      "discount_pct": 39,
      "image_url": null,
      "off_barcode": null,
      "group_id": null,
      "match_type": null,
      "match_confidence": null,
      "quantity_g": null,
      "quantity_ml": null,
      "price_per_kg": null,
      "price_per_l": null
    },
    {
      "id": 4336,
      "name": "ETI Солети\nразлични видове",
      "store": "Kaufland",
      "price": 0.45,
      "old_price": 0.74,
      "discount_pct": 39,
      "image_url": null,
      "off_barcode": null,
      "group_id": null,
      "match_type": null,
      "match_confidence": null,
      "quantity_g": null,
      "quantity_ml": null,
      "price_per_kg": null,
      "price_per_l": null
    },
    {
      "id": 272,
      "name": "ETI Солети с кашкавал",
      "store": "Kaufland",
      "price": 0.45,
      "old_price": 0.74,
      "discount_pct": 39,
      "image_url": null,
      "off_barcode": null,
      "group_id": null,
      "match_type": null,
      "match_confidence": null,
      "quantity_g": null,
      "quantity_ml": null,
      "price_per_kg": null,
      "price_per_l": null
    },
    {
      "id": 661,
      "name": "King оферта - Супер цена - КФМ Филе Елена XXL слайс 300 г - Храна с традиционно специфичен характер",
      "store": "Billa",
      "price": 6.19,
      "old_price": 10.22,
      "discount_pct": 39,
      "image_url": null,
      "off_barcode": null,
      "group_id": null,
      "match_type": null,
      "match_confidence": null,
      "quantity_g": 300,
      "quantity_ml": null,
      "price_per_kg": 20.63,
      "price_per_l": null
    },
    {
      "id": 3451,
      "name": "Melissa Макаронени изделия\nразлични видове",
      "store": "Kaufland",
      "price": 1.99,
      "old_price": 3.29,
      "discount_pct": 39,
      "image_url": null,
      "off_barcode": null,
      "group_id": null,
      "match_type": null,
      "match_confidence": null,
      "quantity_g": null,
      "quantity_ml": null,
      "price_per_kg": null,
      "price_per_l": null
    },
    {
      "id": 467,
      "name": "Oral-B Електрическа четка за зъби\nVitality Pro",
      "store": "Kaufland",
      "price": 49.99,
      "old_price": 81.99,
      "discount_pct": 39,
      "image_url": null,
      "off_barcode": null,
      "group_id": null,
      "match_type": null,
      "match_confidence": null,
      "quantity_g": null,
      "quantity_ml": null,
      "price_per_kg": null,
      "price_per_l": null
    },
    {
      "id": 3465,
      "name": "Roshen Шоколадово барче\nразлични видове",
      "store": "Kaufland",
      "price": 0.59,
      "old_price": 0.98,
      "discount_pct": 39,
      "image_url": null,
      "off_barcode": null,
      "group_id": null,
      "match_type": null,
      "match_confidence": null,
      "quantity_g": null,
      "quantity_ml": null,
      "price_per_kg": null,
      "price_per_l": null
    },
    {
      "id": 3794,
      "name": "TEFAL Форма за торта Ceramik\n20 x 20 см",
      "store": "Kaufland",
      "price": 17.99,
      "old_price": 29.98,
      "discount_pct": 39,
      "image_url": null,
      "off_barcode": null,
      "group_id": null,
      "match_type": null,
      "match_confidence": null,
      "quantity_g": null,
      "quantity_ml": null,
      "price_per_kg": null,
      "price_per_l": null
    },
    {
      "id": 4618,
      "name": "Агросел Луковици за цветя",
      "store": "Kaufland",
      "price": 1.49,
      "old_price": 2.48,
      "discount_pct": 39,
      "image_url": null,
      "off_barcode": null,
      "group_id": null,
      "match_type": null,
      "match_confidence": null,
      "quantity_g": null,
      "quantity_ml": null,
      "price_per_kg": null,
      "price_per_l": null
    },
    {
      "id": 1273,
      "name": "Ариана",
      "store": "Kaufland",
      "price": 0.5,
      "old_price": 0.83,
      "discount_pct": 39,
      "image_url": null,
      "off_barcode": null,
      "group_id": null,
      "match_type": null,
      "match_confidence": null,
      "quantity_g": null,
      "quantity_ml": null,
      "price_per_kg": null,
      "price_per_l": null
    },
    {
      "id": 355,
      "name": "Ариана Бира",
      "store": "Kaufland",
      "price": 0.98,
      "old_price": 1.62,
      "discount_pct": 39,
      "image_url": null,
      "off_barcode": null,
      "group_id": null,
      "match_type": null,
      "match_confidence": null,
      "quantity_g": null,
      "quantity_ml": null,
      "price_per_kg": null,
      "price_per_l": null
    },
    {
      "id": 1116,
      "name": "Булкарто",
      "store": "Kaufland",
      "price": 3.57,
      "old_price": 5.87,
      "discount_pct": 39,
      "image_url": null,
      "off_barcode": null,
      "group_id": null,
      "match_type": null,
      "match_confidence": null,
      "quantity_g": null,
      "quantity_ml": null,
      "price_per_kg": null,
      "price_per_l": null
    },
    {
      "id": 4311,
      "name": "Булкарто Бланширани картофи",
      "store": "Kaufland",
      "price": 6.98,
      "old_price": 11.48,
      "discount_pct": 39,
      "image_url": null,
      "off_barcode": null,
      "group_id": null,
      "match_type": null,
      "match_confidence": null,
      "quantity_g": null,
      "quantity_ml": null,
      "price_per_kg": null,
      "price_per_l": null
    },
    {
      "id": 3305,
      "name": "МАКЛЕР Моцарела мини\nот свежата витрина",
      "store": "Kaufland",
      "price": 19.99,
      "old_price": 32.99,
      "discount_pct": 39,
      "image_url": null,
      "off_barcode": null,
      "group_id": null,
      "match_type": null,
      "match_confidence": null,
      "quantity_g": null,
      "quantity_ml": null,
      "price_per_kg": null,
      "price_per_l": null
    },
    {
      "id": 737,
      "name": "Ориз със зеленчуци От топлата витрина За 1 кг Billa Ready",
      "store": "Billa",
      "price": 3.09,
      "old_price": 5.11,
      "discount_pct": 39,
      "image_url": null,
      "off_barcode": null,
      "group_id": null,
      "match_type": null,
      "match_confidence": null,
      "quantity_g": 1000,
      "quantity_ml": null,
      "price_per_kg": 3.09,
      "price_per_l": null
    },
    {
      "id": 4225,
      "name": "Руска салата Класик с колбас от свежата витрина",
      "store": "Kaufland",
      "price": 5.98,
      "old_price": 9.9,
      "discount_pct": 39,
      "image_url": null,
      "off_barcode": null,
      "group_id": null,
      "match_type": null,
      "match_confidence": null,
      "quantity_g": null,
      "quantity_ml": null,
      "price_per_kg": null,
      "price_per_l": null
    },
    {
      "id": 3331,
      "name": "Сами-М Панирани топени сиренца или\nПанирани пръчици моцарела",
      "store": "Kaufland",
      "price": 3.48,
      "old_price": 5.79,
      "discount_pct": 39,
      "image_url": null,
      "off_barcode": null,
      "group_id": null,
      "match_type": null,
      "match_confidence": null,
      "quantity_g": null,
      "quantity_ml": null,
      "price_per_kg": null,
      "price_per_l": null
    },
    {
      "id": 186,
      "name": "Саяна Кашкавал от краве мляко\nот свежата витрина",
      "store": "Kaufland",
      "price": 17.99,
      "old_price": 29.69,
      "discount_pct": 39,
      "image_url": null,
      "off_barcode": null,
      "group_id": "g_33e75ff0",
      "match_type": "name_similarity",
      "match_confidence": 0.82,
      "quantity_g": null,
      "quantity_ml": null,
      "price_per_kg": null,
      "price_per_l": null
    },
    {
      "id": 757,
      "name": "Саяна Кашкавал от краве мляко От деликатесната витрина За 1 кг",
      "store": "Billa",
      "price": 9.19,
      "old_price": 15.18,
      "discount_pct": 39,
      "image_url": null,
      "off_barcode": null,
      "group_id": "g_33e75ff0",
      "match_type": "name_similarity",
      "match_confidence": 0.82,
      "quantity_g": 1000,
      "quantity_ml": null,
      "price_per_kg": 9.19,
      "price_per_l": null
    },
    {
      "id": 1213,
      "name": "Споко",
      "store": "Kaufland",
      "price": 0.28,
      "old_price": 0.46,
      "discount_pct": 39,
      "image_url": null,
      "off_barcode": null,
      "group_id": null,
      "match_type": null,
      "match_confidence": null,
      "quantity_g": null,
      "quantity_ml": null,
      "price_per_kg": null,
      "price_per_l": null
    },
    {
      "id": 1064,
      "name": "Стария ловец",
      "store": "Kaufland",
      "price": 13.29,
      "old_price": 21.98,
      "discount_pct": 39,
      "image_url": null,
      "off_barcode": null,
      "group_id": null,
      "match_type": null,
      "match_confidence": null,
      "quantity_g": null,
      "quantity_ml": null,
      "price_per_kg": null,
      "price_per_l": null
    },
    {
      "id": 142,
      "name": "Стария ловец Пастърма\nот свежата витрина",
      "store": "Kaufland",
      "price": 25.99,
      "old_price": 42.99,
      "discount_pct": 39,
      "image_url": null,
      "off_barcode": null,
      "group_id": null,
      "match_type": null,
      "match_confidence": null,
      "quantity_g": null,
      "quantity_ml": null,
      "price_per_kg": null,
      "price_per_l": null
    },
    {
      "id": 1470,
      "name": "Шуменско",
      "store": "Kaufland",
      "price": 6.12,
      "old_price": 10.08,
      "discount_pct": 39,
      "image_url": null,
      "off_barcode": null,
      "group_id": null,
      "match_type": null,
      "match_confidence": null,
      "quantity_g": null,
      "quantity_ml": null,
      "price_per_kg": null,
      "price_per_l": null
    },
    {
      "id": 3529,
      "name": "Jim Beam Бърбън уиски",
      "store": "Kaufland",
      "price": 26.99,
      "old_price": 43.99,
      "discount_pct": 38,
      "image_url": null,
      "off_barcode": null,
      "group_id": null,
      "match_type": null,
      "match_confidence": null,
      "quantity_g": null,
      "quantity_ml": null,
      "price_per_kg": null,
      "price_per_l": null
    },
    {
      "id": 1214,
      "name": "Kimbo",
      "store": "Kaufland",
      "price": 18.91,
      "old_price": 30.67,
      "discount_pct": 38,
      "image_url": null,
      "off_barcode": null,
      "group_id": null,
      "match_type": null,
      "match_confidence": null,
      "quantity_g": null,
      "quantity_ml": null,
      "price_per_kg": null,
      "price_per_l": null
    },
    {
      "id": 4351,
      "name": "Kimbo Кафе на зърна",
      "store": "Kaufland",
      "price": 36.98,
      "old_price": 59.99,
      "discount_pct": 38,
      "image_url": null,
      "off_barcode": null,
      "group_id": null,
      "match_type": null,
      "match_confidence": null,
      "quantity_g": null,
      "quantity_ml": null,
      "price_per_kg": null,
      "price_per_l": null
    },
    {
      "id": 814,
      "name": "Pom-Bar снакс Family pack 80 г Продукт, маркиран със синя звезда",
      "store": "Billa",
      "price": 1.17,
      "old_price": 1.89,
      "discount_pct": 38,
      "image_url": null,
      "off_barcode": null,
      "group_id": null,
      "match_type": null,
      "match_confidence": null,
      "quantity_g": 80,
      "quantity_ml": null,
      "price_per_kg": 14.62,
      "price_per_l": null
    },
    {
      "id": 813,
      "name": "Salza Соленки с вкус на сирене 200 г",
      "store": "Billa",
      "price": 1.22,
      "old_price": 1.99,
      "discount_pct": 38,
      "image_url": null,
      "off_barcode": null,
      "group_id": null,
      "match_type": null,
      "match_confidence": null,
      "quantity_g": 200,
      "quantity_ml": null,
      "price_per_kg": 6.1,
      "price_per_l": null
    },
    {
      "id": 5672,
      "name": "Stella Artois",
      "store": "Kaufland",
      "price": 5.62,
      "old_price": 9.15,
      "discount_pct": 38,
      "image_url": null,
      "off_barcode": null,
      "group_id": null,
      "match_type": null,
      "match_confidence": null,
      "quantity_g": null,
      "quantity_ml": null,
      "price_per_kg": null,
      "price_per_l": null
    },
    {
      "id": 3166,
      "name": "Stella Artois Бира\n5% vol",
      "store": "Kaufland",
      "price": 10.99,
      "old_price": 17.9,
      "discount_pct": 38,
      "image_url": null,
      "off_barcode": null,
      "group_id": null,
      "match_type": null,
      "match_confidence": null,
      "quantity_g": null,
      "quantity_ml": null,
      "price_per_kg": null,
      "price_per_l": null
    },
    {
      "id": 3668,
      "name": "TESORI D'ORIENTE Душ крем\nразлични видове",
      "store": "Kaufland",
      "price": 8.49,
      "old_price": 13.89,
      "discount_pct": 38,
      "image_url": null,
      "off_barcode": null,
      "group_id": null,
      "match_type": null,
      "match_confidence": null,
      "quantity_g": null,
      "quantity_ml": null,
      "price_per_kg": null,
      "price_per_l": null
    },
    {
      "id": 3671,
      "name": "Tesori D'Oriente Душ крем\nBlack Rose",
      "store": "Kaufland",
      "price": 8.49,
      "old_price": 13.89,
      "discount_pct": 38,
      "image_url": null,
      "off_barcode": null,
      "group_id": null,
      "match_type": null,
      "match_confidence": null,
      "quantity_g": null,
      "quantity_ml": null,
      "price_per_kg": null,
      "price_per_l": null
    },
    {
      "id": 3669,
      "name": "Tesori D'Oriente Душ крем\nPersia",
      "store": "Kaufland",
      "price": 8.49,
      "old_price": 13.89,
      "discount_pct": 38,
      "image_url": null,
      "off_barcode": null,
      "group_id": null,
      "match_type": null,
      "match_confidence": null,
      "quantity_g": null,
      "quantity_ml": null,
      "price_per_kg": null,
      "price_per_l": null
    },
    {
      "id": 3369,
      "name": "БРЕЙ! Салата Снежанка\nот свежата витрина",
      "store": "Kaufland",
      "price": 8.59,
      "old_price": 13.98,
      "discount_pct": 38,
      "image_url": null,
      "off_barcode": null,
      "group_id": null,
      "match_type": null,
      "match_confidence": null,
      "quantity_g": null,
      "quantity_ml": null,
      "price_per_kg": null,
      "price_per_l": null
    },
    {
      "id": 5785,
      "name": "Британско масло",
      "store": "Lidl",
      "price": 2.19,
      "old_price": 3.57,
      "discount_pct": 38,
      "image_url": null,
      "off_barcode": null,
      "group_id": null,
      "match_type": null,
      "match_confidence": null,
      "quantity_g": null,
      "quantity_ml": null,
      "price_per_kg": null,
      "price_per_l": null
    },
    {
      "id": 1101,
      "name": "Булгарче",
      "store": "Kaufland",
      "price": 5.62,
      "old_price": 9.2,
      "discount_pct": 38,
      "image_url": null,
      "off_barcode": null,
      "group_id": null,
      "match_type": null,
      "match_confidence": null,
      "quantity_g": null,
      "quantity_ml": null,
      "price_per_kg": null,
      "price_per_l": null
    },
    {
      "id": 173,
      "name": "Булгарче Сирене от краве мляко\nот свежата витрина",
      "store": "Kaufland",
      "price": 10.99,
      "old_price": 17.99,
      "discount_pct": 38,
      "image_url": null,
      "off_barcode": null,
      "group_id": null,
      "match_type": null,
      "match_confidence": null,
      "quantity_g": null,
      "quantity_ml": null,
      "price_per_kg": null,
      "price_per_l": null
    },
    {
      "id": 1388,
      "name": "Бургаско",
      "store": "Kaufland",
      "price": 1.01,
      "old_price": 1.63,
      "discount_pct": 38,
      "image_url": null,
      "off_barcode": null,
      "group_id": null,
      "match_type": null,
      "match_confidence": null,
      "quantity_g": null,
      "quantity_ml": null,
      "price_per_kg": null,
      "price_per_l": null
    },
    {
      "id": 1056,
      "name": "Виталенд",
      "store": "Kaufland",
      "price": 4.59,
      "old_price": 7.51,
      "discount_pct": 38,
      "image_url": null,
      "off_barcode": null,
      "group_id": null,
      "match_type": null,
      "match_confidence": null,
      "quantity_g": null,
      "quantity_ml": null,
      "price_per_kg": null,
      "price_per_l": null
    },
    {
      "id": 138,
      "name": "Виталенд Свинска шунка",
      "store": "Kaufland",
      "price": 8.98,
      "old_price": 14.69,
      "discount_pct": 38,
      "image_url": null,
      "off_barcode": null,
      "group_id": null,
      "match_type": null,
      "match_confidence": null,
      "quantity_g": null,
      "quantity_ml": null,
      "price_per_kg": null,
      "price_per_l": null
    },
    {
      "id": 3233,
      "name": "КФМ Филе Елена\nот свежата витрина",
      "store": "Kaufland",
      "price": 39.98,
      "old_price": 64.99,
      "discount_pct": 38,
      "image_url": null,
      "off_barcode": null,
      "group_id": null,
      "match_type": null,
      "match_confidence": null,
      "quantity_g": null,
      "quantity_ml": null,
      "price_per_kg": null,
      "price_per_l": null
    },
    {
      "id": 5754,
      "name": "Кроасан с масло",
      "store": "Lidl",
      "price": 0.3,
      "old_price": 0.49,
      "discount_pct": 38,
      "image_url": null,
      "off_barcode": null,
      "group_id": null,
      "match_type": null,
      "match_confidence": null,
      "quantity_g": null,
      "quantity_ml": null,
      "price_per_kg": null,
      "price_per_l": null
    },
    {
      "id": 4217,
      "name": "Леки Кренвирши",
      "store": "Kaufland",
      "price": 2.99,
      "old_price": 4.85,
      "discount_pct": 38,
      "image_url": null,
      "off_barcode": null,
      "group_id": null,
      "match_type": null,
      "match_confidence": null,
      "quantity_g": null,
      "quantity_ml": null,
      "price_per_kg": null,
      "price_per_l": null
    },
    {
      "id": 751,
      "name": "Майстор Цветко Деликатес с пуешко филе От деликатесната витрина За 1 кг Продукт, маркиран със синя з",
      "store": "Billa",
      "price": 8.69,
      "old_price": 14.21,
      "discount_pct": 38,
      "image_url": null,
      "off_barcode": null,
      "group_id": null,
      "match_type": null,
      "match_confidence": null,
      "quantity_g": 1000,
      "quantity_ml": null,
      "price_per_kg": 8.69,
      "price_per_l": null
    },
    {
      "id": 3213,
      "name": "Портокали XXL за фреш",
      "store": "Kaufland",
      "price": 4.28,
      "old_price": 6.98,
      "discount_pct": 38,
      "image_url": null,
      "off_barcode": null,
      "group_id": null,
      "match_type": null,
      "match_confidence": null,
      "quantity_g": null,
      "quantity_ml": null,
      "price_per_kg": null,
      "price_per_l": null
    },
    {
      "id": 1115,
      "name": "Пуйка",
      "store": "Kaufland",
      "price": 4.59,
      "old_price": 7.46,
      "discount_pct": 38,
      "image_url": null,
      "off_barcode": null,
      "group_id": null,
      "match_type": null,
      "match_confidence": null,
      "quantity_g": null,
      "quantity_ml": null,
      "price_per_kg": null,
      "price_per_l": null
    },
    {
      "id": 197,
      "name": "Пуйка замразена",
      "store": "Kaufland",
      "price": 8.98,
      "old_price": 14.59,
      "discount_pct": 38,
      "image_url": null,
      "off_barcode": null,
      "group_id": null,
      "match_type": null,
      "match_confidence": null,
      "quantity_g": null,
      "quantity_ml": null,
      "price_per_kg": null,
      "price_per_l": null
    },
    {
      "id": 720,
      "name": "Пушена черноморска сьомгова пъстърва 100 г Продукт, маркиран със синя звезда",
      "store": "Billa",
      "price": 4.09,
      "old_price": 6.64,
      "discount_pct": 38,
      "image_url": null,
      "off_barcode": null,
      "group_id": null,
      "match_type": null,
      "match_confidence": null,
      "quantity_g": 100,
      "quantity_ml": null,
      "price_per_kg": 40.9,
      "price_per_l": null
    },
    {
      "id": 787,
      "name": "Само с Billa App - Leffe blond бира 0,33 л",
      "store": "Billa",
      "price": 1.53,
      "old_price": 2.5,
      "discount_pct": 38,
      "image_url": null,
      "off_barcode": null,
      "group_id": null,
      "match_type": null,
      "match_confidence": null,
      "quantity_g": null,
      "quantity_ml": 330,
      "price_per_kg": null,
      "price_per_l": 4.64
    },
    {
      "id": 719,
      "name": "Само с Billa Card - Аржентински хек замразен За 1 кг",
      "store": "Billa",
      "price": 3.06,
      "old_price": 4.95,
      "discount_pct": 38,
      "image_url": null,
      "off_barcode": null,
      "group_id": null,
      "match_type": null,
      "match_confidence": null,
      "quantity_g": 1000,
      "quantity_ml": null,
      "price_per_kg": 3.06,
      "price_per_l": null
    },
    {
      "id": 295,
      "name": "Споко Тунквана вафла\nМакси",
      "store": "Kaufland",
      "price": 0.55,
      "old_price": 0.9,
      "discount_pct": 38,
      "image_url": null,
      "off_barcode": null,
      "group_id": null,
      "match_type": null,
      "match_confidence": null,
      "quantity_g": null,
      "quantity_ml": null,
      "price_per_kg": null,
      "price_per_l": null
    },
    {
      "id": 855,
      "name": "Супер цена - Jim Beam Бърбън 1 л Продукт, маркиран със синя звезда",
      "store": "Billa",
      "price": 13.8,
      "old_price": 22.49,
      "discount_pct": 38,
      "image_url": null,
      "off_barcode": null,
      "group_id": null,
      "match_type": null,
      "match_confidence": null,
      "quantity_g": null,
      "quantity_ml": 1000,
      "price_per_kg": null,
      "price_per_l": 13.8
    },
    {
      "id": 3368,
      "name": "Червени маслини Услу 280/360",
      "store": "Kaufland",
      "price": 7.98,
      "old_price": 12.99,
      "discount_pct": 38,
      "image_url": null,
      "off_barcode": null,
      "group_id": null,
      "match_type": null,
      "match_confidence": null,
      "quantity_g": null,
      "quantity_ml": null,
      "price_per_kg": null,
      "price_per_l": null
    },
    {
      "id": 3652,
      "name": "AXE Дезодорант\nразлични видове",
      "store": "Kaufland",
      "price": 5.65,
      "old_price": 9.0,
      "discount_pct": 37,
      "image_url": null,
      "off_barcode": null,
      "group_id": null,
      "match_type": null,
      "match_confidence": null,
      "quantity_g": null,
      "quantity_ml": null,
      "price_per_kg": null,
      "price_per_l": null
    },
    {
      "id": 4019,
      "name": "CASTELLO Синьо сирене\nот свежата витрина",
      "store": "Kaufland",
      "price": 29.98,
      "old_price": 48.0,
      "discount_pct": 37,
      "image_url": null,
      "off_barcode": null,
      "group_id": null,
      "match_type": null,
      "match_confidence": null,
      "quantity_g": null,
      "quantity_ml": null,
      "price_per_kg": null,
      "price_per_l": null
    },
    {
      "id": 3484,
      "name": "Cafissimo Aroma капсули\nKaffee Intenso",
      "store": "Kaufland",
      "price": 7.49,
      "old_price": 11.99,
      "discount_pct": 37,
      "image_url": null,
      "off_barcode": null,
      "group_id": null,
      "match_type": null,
      "match_confidence": null,
      "quantity_g": null,
      "quantity_ml": null,
      "price_per_kg": null,
      "price_per_l": null
    },
    {
      "id": 995,
      "name": "Chio",
      "store": "Kaufland",
      "price": 1.27,
      "old_price": 2.04,
      "discount_pct": 37,
      "image_url": null,
      "off_barcode": null,
      "group_id": null,
      "match_type": null,
      "match_confidence": null,
      "quantity_g": null,
      "quantity_ml": null,
      "price_per_kg": null,
      "price_per_l": null
    },
    {
      "id": 978,
      "name": "GLISS",
      "store": "Kaufland",
      "price": 3.83,
      "old_price": 6.13,
      "discount_pct": 37,
      "image_url": null,
      "off_barcode": null,
      "group_id": null,
      "match_type": null,
      "match_confidence": null,
      "quantity_g": null,
      "quantity_ml": null,
      "price_per_kg": null,
      "price_per_l": null
    },
    {
      "id": 76,
      "name": "K-Classic Макаронени изделия\nот мека пшеница",
      "store": "Kaufland",
      "price": 0.74,
      "old_price": 1.19,
      "discount_pct": 37,
      "image_url": null,
      "off_barcode": null,
      "group_id": null,
      "match_type": null,
      "match_confidence": null,
      "quantity_g": null,
      "quantity_ml": null,
      "price_per_kg": null,
      "price_per_l": null
    },
    {
      "id": 651,
      "name": "King оферта - Супер цена - La Provincia Пилешки грил микс маринован За 1 кг",
      "store": "Billa",
      "price": 5.11,
      "old_price": 8.18,
      "discount_pct": 37,
      "image_url": null,
      "off_barcode": null,
      "group_id": null,
      "match_type": null,
      "match_confidence": null,
      "quantity_g": 1000,
      "quantity_ml": null,
      "price_per_kg": 5.11,
      "price_per_l": null
    },
    {
      "id": 3464,
      "name": "MARS/SNICKERS/BOUNTY Минидесерти микс\nв кутия",
      "store": "Kaufland",
      "price": 9.99,
      "old_price": 16.0,
      "discount_pct": 37,
      "image_url": null,
      "off_barcode": null,
      "group_id": null,
      "match_type": null,
      "match_confidence": null,
      "quantity_g": null,
      "quantity_ml": null,
      "price_per_kg": null,
      "price_per_l": null
    },
    {
      "id": 865,
      "name": "Medix Alvina Гел за пране 44 пранета Произход - България 1 изпиране = 0,15 €/0,29 лв./ 44 пранета",
      "store": "Billa",
      "price": 6.39,
      "old_price": 10.22,
      "discount_pct": 37,
      "image_url": null,
      "off_barcode": null,
      "group_id": null,
      "match_type": null,
      "match_confidence": null,
      "quantity_g": null,
      "quantity_ml": 290,
      "price_per_kg": null,
      "price_per_l": 22.03
    },
    {
      "id": 1093,
      "name": "My Day",
      "store": "Kaufland",
      "price": 2.04,
      "old_price": 3.27,
      "discount_pct": 37,
      "image_url": null,
      "off_barcode": null,
      "group_id": null,
      "match_type": null,
      "match_confidence": null,
      "quantity_g": null,
      "quantity_ml": null,
      "price_per_kg": null,
      "price_per_l": null
    },
    {
      "id": 4302,
      "name": "My Day Продукт за готвене\nCremio",
      "store": "Kaufland",
      "price": 3.99,
      "old_price": 6.4,
      "discount_pct": 37,
      "image_url": null,
      "off_barcode": null,
      "group_id": null,
      "match_type": null,
      "match_confidence": null,
      "quantity_g": null,
      "quantity_ml": null,
      "price_per_kg": null,
      "price_per_l": null
    },
    {
      "id": 4531,
      "name": "MyProject® Зимна течност за чистачки",
      "store": "Kaufland",
      "price": 9.99,
      "old_price": 16.0,
      "discount_pct": 37,
      "image_url": null,
      "off_barcode": null,
      "group_id": null,
      "match_type": null,
      "match_confidence": null,
      "quantity_g": null,
      "quantity_ml": null,
      "price_per_kg": null,
      "price_per_l": null
    },
    {
      "id": 3667,
      "name": "Nivea Мляко за тяло\nразлични видове",
      "store": "Kaufland",
      "price": 7.98,
      "old_price": 12.69,
      "discount_pct": 37,
      "image_url": null,
      "off_barcode": null,
      "group_id": null,
      "match_type": null,
      "match_confidence": null,
      "quantity_g": null,
      "quantity_ml": null,
      "price_per_kg": null,
      "price_per_l": null
    },
    {
      "id": 4243,
      "name": "Nova Brasilia Мляно кафе\nразлични видове",
      "store": "Kaufland",
      "price": 4.99,
      "old_price": 8.0,
      "discount_pct": 37,
      "image_url": null,
      "off_barcode": null,
      "group_id": null,
      "match_type": null,
      "match_confidence": null,
      "quantity_g": null,
      "quantity_ml": null,
      "price_per_kg": null,
      "price_per_l": null
    },
    {
      "id": 351,
      "name": "PEPSI/ MIRINDA/ 7 UP различни видове",
      "store": "Kaufland",
      "price": 1.99,
      "old_price": 3.19,
      "discount_pct": 37,
      "image_url": null,
      "off_barcode": null,
      "group_id": null,
      "match_type": null,
      "match_confidence": null,
      "quantity_g": null,
      "quantity_ml": null,
      "price_per_kg": null,
      "price_per_l": null
    },
    {
      "id": 3716,
      "name": "Philips Тример за нос NT1650/16",
      "store": "Kaufland",
      "price": 24.98,
      "old_price": 40.0,
      "discount_pct": 37,
      "image_url": null,
      "off_barcode": null,
      "group_id": null,
      "match_type": null,
      "match_confidence": null,
      "quantity_g": null,
      "quantity_ml": null,
      "price_per_kg": null,
      "price_per_l": null
    },
    {
      "id": 1439,
      "name": "Remington",
      "store": "Kaufland",
      "price": 12.77,
      "old_price": 20.45,
      "discount_pct": 37,
      "image_url": null,
      "off_barcode": null,
      "group_id": null,
      "match_type": null,
      "match_confidence": null,
      "quantity_g": null,
      "quantity_ml": null,
      "price_per_kg": null,
      "price_per_l": null
    },
    {
      "id": 4644,
      "name": "Remington Сешоар D3010",
      "store": "Kaufland",
      "price": 24.98,
      "old_price": 40.0,
      "discount_pct": 37,
      "image_url": null,
      "off_barcode": null,
      "group_id": null,
      "match_type": null,
      "match_confidence": null,
      "quantity_g": null,
      "quantity_ml": null,
      "price_per_kg": null,
      "price_per_l": null
    },
    {
      "id": 3212,
      "name": "Rois Сурови ядки\nразлични видове",
      "store": "Kaufland",
      "price": 3.68,
      "old_price": 5.85,
      "discount_pct": 37,
      "image_url": null,
      "off_barcode": null,
      "group_id": null,
      "match_type": null,
      "match_confidence": null,
      "quantity_g": null,
      "quantity_ml": null,
      "price_per_kg": null,
      "price_per_l": null
    },
    {
      "id": 955,
      "name": "Snickers",
      "store": "Kaufland",
      "price": 0.96,
      "old_price": 1.53,
      "discount_pct": 37,
      "image_url": null,
      "off_barcode": null,
      "group_id": null,
      "match_type": null,
      "match_confidence": null,
      "quantity_g": null,
      "quantity_ml": null,
      "price_per_kg": null,
      "price_per_l": null
    },
    {
      "id": 3482,
      "name": "Tchibo Cafissimo Кафе капсули\nизбрани видове",
      "store": "Kaufland",
      "price": 7.49,
      "old_price": 11.99,
      "discount_pct": 37,
      "image_url": null,
      "off_barcode": null,
      "group_id": null,
      "match_type": null,
      "match_confidence": null,
      "quantity_g": null,
      "quantity_ml": null,
      "price_per_kg": null,
      "price_per_l": null
    },
    {
      "id": 3481,
      "name": "Tchibo Разтворимо кафе\nGold Selection",
      "store": "Kaufland",
      "price": 14.98,
      "old_price": 24.0,
      "discount_pct": 37,
      "image_url": null,
      "off_barcode": null,
      "group_id": null,
      "match_type": null,
      "match_confidence": null,
      "quantity_g": null,
      "quantity_ml": null,
      "price_per_kg": null,
      "price_per_l": null
    },
    {
      "id": 685,
      "name": "Авокадо Хас 1 бр.",
      "store": "Billa",
      "price": 0.85,
      "old_price": 1.37,
      "discount_pct": 37,
      "image_url": null,
      "off_barcode": null,
      "group_id": null,
      "match_type": null,
      "match_confidence": null,
      "quantity_g": null,
      "quantity_ml": null,
      "price_per_kg": null,
      "price_per_l": null
    },
    {
      "id": 1206,
      "name": "Алпи",
      "store": "Kaufland",
      "price": 1.48,
      "old_price": 2.35,
      "discount_pct": 37,
      "image_url": null,
      "off_barcode": null,
      "group_id": null,
      "match_type": null,
      "match_confidence": null,
      "quantity_g": null,
      "quantity_ml": null,
      "price_per_kg": null,
      "price_per_l": null
    },
    {
      "id": 4346,
      "name": "Алпи Дъвчащи бонбони\nразлични видове",
      "store": "Kaufland",
      "price": 2.89,
      "old_price": 4.6,
      "discount_pct": 37,
      "image_url": null,
      "off_barcode": null,
      "group_id": null,
      "match_type": null,
      "match_confidence": null,
      "quantity_g": null,
      "quantity_ml": null,
      "price_per_kg": null,
      "price_per_l": null
    },
    {
      "id": 4281,
      "name": "Брей! Спанак",
      "store": "Kaufland",
      "price": 2.48,
      "old_price": 3.99,
      "discount_pct": 37,
      "image_url": null,
      "off_barcode": null,
      "group_id": null,
      "match_type": null,
      "match_confidence": null,
      "quantity_g": null,
      "quantity_ml": null,
      "price_per_kg": null,
      "price_per_l": null
    },
    {
      "id": 3332,
      "name": "Булкарто Бланширани картофи\nзамразени",
      "store": "Kaufland",
      "price": 2.99,
      "old_price": 4.79,
      "discount_pct": 37,
      "image_url": null,
      "off_barcode": null,
      "group_id": null,
      "match_type": null,
      "match_confidence": null,
      "quantity_g": null,
      "quantity_ml": null,
      "price_per_kg": null,
      "price_per_l": null
    },
    {
      "id": 4522,
      "name": "Бургаско Бира\n4,2% vol",
      "store": "Kaufland",
      "price": 1.98,
      "old_price": 3.19,
      "discount_pct": 37,
      "image_url": null,
      "off_barcode": null,
      "group_id": null,
      "match_type": null,
      "match_confidence": null,
      "quantity_g": null,
      "quantity_ml": null,
      "price_per_kg": null,
      "price_per_l": null
    },
    {
      "id": 1119,
      "name": "Данел",
      "store": "Kaufland",
      "price": 2.55,
      "old_price": 4.09,
      "discount_pct": 37,
      "image_url": null,
      "off_barcode": null,
      "group_id": null,
      "match_type": null,
      "match_confidence": null,
      "quantity_g": null,
      "quantity_ml": null,
      "price_per_kg": null,
      "price_per_l": null
    },
    {
      "id": 201,
      "name": "Данел Сафрид\nзамразен",
      "store": "Kaufland",
      "price": 4.99,
      "old_price": 8.0,
      "discount_pct": 37,
      "image_url": null,
      "off_barcode": null,
      "group_id": null,
      "match_type": null,
      "match_confidence": null,
      "quantity_g": null,
      "quantity_ml": null,
      "price_per_kg": null,
      "price_per_l": null
    },
    {
      "id": 936,
      "name": "Златно Добруджанско",
      "store": "Kaufland",
      "price": 1.22,
      "old_price": 1.94,
      "discount_pct": 37,
      "image_url": null,
      "off_barcode": null,
      "group_id": null,
      "match_type": null,
      "match_confidence": null,
      "quantity_g": null,
      "quantity_ml": null,
      "price_per_kg": null,
      "price_per_l": null
    },
    {
      "id": 4539,
      "name": "Лактофол Тор за орхидеи, азалии,\nрододендрони",
      "store": "Kaufland",
      "price": 2.48,
      "old_price": 3.99,
      "discount_pct": 37,
      "image_url": null,
      "off_barcode": null,
      "group_id": null,
      "match_type": null,
      "match_confidence": null,
      "quantity_g": null,
      "quantity_ml": null,
      "price_per_kg": null,
      "price_per_l": null
    },
    {
      "id": 144,
      "name": "Майстор Цветко Салам Закуска",
      "store": "Kaufland",
      "price": 9.99,
      "old_price": 15.98,
      "discount_pct": 37,
      "image_url": null,
      "off_barcode": null,
      "group_id": null,
      "match_type": null,
      "match_confidence": null,
      "quantity_g": null,
      "quantity_ml": null,
      "price_per_kg": null,
      "price_per_l": null
    },
    {
      "id": 4233,
      "name": "Мегдана Кренвирши",
      "store": "Kaufland",
      "price": 1.49,
      "old_price": 2.39,
      "discount_pct": 37,
      "image_url": null,
      "off_barcode": null,
      "group_id": null,
      "match_type": null,
      "match_confidence": null,
      "quantity_g": null,
      "quantity_ml": null,
      "price_per_kg": null,
      "price_per_l": null
    },
    {
      "id": 4231,
      "name": "Млечен шоколад лешник",
      "store": "Kaufland",
      "price": 1.49,
      "old_price": 2.39,
      "discount_pct": 37,
      "image_url": null,
      "off_barcode": null,
      "group_id": null,
      "match_type": null,
      "match_confidence": null,
      "quantity_g": null,
      "quantity_ml": null,
      "price_per_kg": null,
      "price_per_l": null
    },
    {
      "id": 4230,
      "name": "Млечен шоколад различни видове",
      "store": "Kaufland",
      "price": 1.49,
      "old_price": 2.39,
      "discount_pct": 37,
      "image_url": null,
      "off_barcode": null,
      "group_id": "g_6ea9ab1b",
      "match_type": "name_similarity",
      "match_confidence": 0.85,
      "quantity_g": null,
      "quantity_ml": null,
      "price_per_kg": null,
      "price_per_l": null
    },
    {
      "id": 1169,
      "name": "ПРЕСТИЖ",
      "store": "Kaufland",
      "price": 0.25,
      "old_price": 0.4,
      "discount_pct": 37,
      "image_url": null,
      "off_barcode": null,
      "group_id": null,
      "match_type": null,
      "match_confidence": null,
      "quantity_g": null,
      "quantity_ml": null,
      "price_per_kg": null,
      "price_per_l": null
    },
    {
      "id": 251,
      "name": "ПРЕСТИЖ Миникейк\nразлични видове",
      "store": "Kaufland",
      "price": 0.49,
      "old_price": 0.78,
      "discount_pct": 37,
      "image_url": null,
      "off_barcode": null,
      "group_id": null,
      "match_type": null,
      "match_confidence": null,
      "quantity_g": null,
      "quantity_ml": null,
      "price_per_kg": null,
      "price_per_l": null
    },
    {
      "id": 3466,
      "name": "Победа Бисквити\nразлични видове",
      "store": "Kaufland",
      "price": 2.48,
      "old_price": 3.99,
      "discount_pct": 37,
      "image_url": null,
      "off_barcode": null,
      "group_id": null,
      "match_type": null,
      "match_confidence": null,
      "quantity_g": null,
      "quantity_ml": null,
      "price_per_kg": null,
      "price_per_l": null
    },
    {
      "id": 866,
      "name": "Само с Billa Card - Sanobon Тоалетно блокче синя вода 55 г",
      "store": "Billa",
      "price": 1.68,
      "old_price": 2.7,
      "discount_pct": 37,
      "image_url": null,
      "off_barcode": null,
      "group_id": null,
      "match_type": null,
      "match_confidence": null,
      "quantity_g": 55,
      "quantity_ml": null,
      "price_per_kg": 30.55,
      "price_per_l": null
    },
    {
      "id": 794,
      "name": "Супер цена - Deroni Домашна едросмляна лютеница 520 г или Айвар 500 г 1 бр.",
      "store": "Billa",
      "price": 2.55,
      "old_price": 4.09,
      "discount_pct": 37,
      "image_url": null,
      "off_barcode": null,
      "group_id": null,
      "match_type": null,
      "match_confidence": null,
      "quantity_g": 520,
      "quantity_ml": null,
      "price_per_kg": 4.9,
      "price_per_l": null
    },
    {
      "id": 756,
      "name": "Супер цена - Рикас Бяло саламурено сирене От деликатесната витрина За 1 кг",
      "store": "Billa",
      "price": 5.09,
      "old_price": 8.18,
      "discount_pct": 37,
      "image_url": null,
      "off_barcode": null,
      "group_id": null,
      "match_type": null,
      "match_confidence": null,
      "quantity_g": 1000,
      "quantity_ml": null,
      "price_per_kg": 5.09,
      "price_per_l": null
    },
    {
      "id": 1069,
      "name": "Тандем",
      "store": "Kaufland",
      "price": 12.77,
      "old_price": 20.45,
      "discount_pct": 37,
      "image_url": null,
      "off_barcode": null,
      "group_id": null,
      "match_type": null,
      "match_confidence": null,
      "quantity_g": null,
      "quantity_ml": null,
      "price_per_kg": null,
      "price_per_l": null
    },
    {
      "id": 151,
      "name": "Тандем Шунка чешка\nот свежата витрина",
      "store": "Kaufland",
      "price": 24.98,
      "old_price": 40.0,
      "discount_pct": 37,
      "image_url": null,
      "off_barcode": null,
      "group_id": null,
      "match_type": null,
      "match_confidence": null,
      "quantity_g": null,
      "quantity_ml": null,
      "price_per_kg": null,
      "price_per_l": null
    },
    {
      "id": 796,
      "name": "Фамилекс Български ориз 1 кг Продукт, маркиран със синя звезда",
      "store": "Billa",
      "price": 1.53,
      "old_price": 2.45,
      "discount_pct": 37,
      "image_url": null,
      "off_barcode": null,
      "group_id": null,
      "match_type": null,
      "match_confidence": null,
      "quantity_g": 1000,
      "quantity_ml": null,
      "price_per_kg": 1.53,
      "price_per_l": null
    },
    {
      "id": 812,
      "name": "Chio Чипс Intense 120 г",
      "store": "Billa",
      "price": 1.32,
      "old_price": 2.09,
      "discount_pct": 36,
      "image_url": null,
      "off_barcode": null,
      "group_id": null,
      "match_type": null,
      "match_confidence": null,
      "quantity_g": 120,
      "quantity_ml": null,
      "price_per_kg": 11.0,
      "price_per_l": null
    },
    {
      "id": 3781,
      "name": "DILIOS Хавлиена кърпа Fresh\n70 x 140 см",
      "store": "Kaufland",
      "price": 15.98,
      "old_price": 24.98,
      "discount_pct": 36,
      "image_url": null,
      "off_barcode": null,
      "group_id": null,
      "match_type": null,
      "match_confidence": null,
      "quantity_g": null,
      "quantity_ml": null,
      "price_per_kg": null,
      "price_per_l": null
    },
    {
      "id": 991,
      "name": "EXQUISA",
      "store": "Kaufland",
      "price": 1.78,
      "old_price": 2.79,
      "discount_pct": 36,
      "image_url": null,
      "off_barcode": null,
      "group_id": null,
      "match_type": null,
      "match_confidence": null,
      "quantity_g": null,
      "quantity_ml": null,
      "price_per_kg": null,
      "price_per_l": null
    },
    {
      "id": 3467,
      "name": "Kinder Bueno Вафлен десерт\nразлични видове",
      "store": "Kaufland",
      "price": 1.39,
      "old_price": 2.19,
      "discount_pct": 36,
      "image_url": null,
      "off_barcode": null,
      "group_id": null,
      "match_type": null,
      "match_confidence": null,
      "quantity_g": null,
      "quantity_ml": null,
      "price_per_kg": null,
      "price_per_l": null
    },
    {
      "id": 650,
      "name": "King оферта - Супер цена - Българска ферма Пресен пилешки бут цял XXL За 1 кг Произход - България",
      "store": "Billa",
      "price": 1.94,
      "old_price": 3.06,
      "discount_pct": 36,
      "image_url": null,
      "off_barcode": null,
      "group_id": null,
      "match_type": null,
      "match_confidence": null,
      "quantity_g": 1000,
      "quantity_ml": null,
      "price_per_kg": 1.94,
      "price_per_l": null
    },
    {
      "id": 3496,
      "name": "Lay's Картофен чипс\nразлични вкусове",
      "store": "Kaufland",
      "price": 2.39,
      "old_price": 3.76,
      "discount_pct": 36,
      "image_url": null,
      "off_barcode": null,
      "group_id": null,
      "match_type": null,
      "match_confidence": null,
      "quantity_g": null,
      "quantity_ml": null,
      "price_per_kg": null,
      "price_per_l": null
    },
    {
      "id": 3495,
      "name": "Lays Чипс картофен\nпаприка",
      "store": "Kaufland",
      "price": 2.39,
      "old_price": 3.76,
      "discount_pct": 36,
      "image_url": null,
      "off_barcode": null,
      "group_id": null,
      "match_type": null,
      "match_confidence": null,
      "quantity_g": null,
      "quantity_ml": null,
      "price_per_kg": null,
      "price_per_l": null
    },
    {
      "id": 1248,
      "name": "Mezzek",
      "store": "Kaufland",
      "price": 7.15,
      "old_price": 11.24,
      "discount_pct": 36,
      "image_url": null,
      "off_barcode": null,
      "group_id": null,
      "match_type": null,
      "match_confidence": null,
      "quantity_g": null,
      "quantity_ml": null,
      "price_per_kg": null,
      "price_per_l": null
    },
    {
      "id": 330,
      "name": "Mezzek Червено, Бяло вино или Розе\nразлични сортове",
      "store": "Kaufland",
      "price": 13.98,
      "old_price": 21.98,
      "discount_pct": 36,
      "image_url": null,
      "off_barcode": null,
      "group_id": null,
      "match_type": null,
      "match_confidence": null,
      "quantity_g": null,
      "quantity_ml": null,
      "price_per_kg": null,
      "price_per_l": null
    },
    {
      "id": 1478,
      "name": "Nova Brasilia",
      "store": "Kaufland",
      "price": 5.62,
      "old_price": 8.89,
      "discount_pct": 36,
      "image_url": null,
      "off_barcode": null,
      "group_id": null,
      "match_type": null,
      "match_confidence": null,
      "quantity_g": null,
      "quantity_ml": null,
      "price_per_kg": null,
      "price_per_l": null
    },
    {
      "id": 10,
      "name": "Nova Brasilia Мляно кафе\nкласик",
      "store": "Kaufland",
      "price": 10.99,
      "old_price": 17.39,
      "discount_pct": 36,
      "image_url": null,
      "off_barcode": null,
      "group_id": null,
      "match_type": null,
      "match_confidence": null,
      "quantity_g": null,
      "quantity_ml": null,
      "price_per_kg": null,
      "price_per_l": null
    },
    {
      "id": 3714,
      "name": "PHILIPS Машинка за подстригване\nHC3505/15",
      "store": "Kaufland",
      "price": 34.99,
      "old_price": 55.0,
      "discount_pct": 36,
      "image_url": null,
      "off_barcode": null,
      "group_id": null,
      "match_type": null,
      "match_confidence": null,
      "quantity_g": null,
      "quantity_ml": null,
      "price_per_kg": null,
      "price_per_l": null
    },
    {
      "id": 976,
      "name": "Palmolive",
      "store": "Kaufland",
      "price": 4.08,
      "old_price": 6.42,
      "discount_pct": 36,
      "image_url": null,
      "off_barcode": null,
      "group_id": null,
      "match_type": null,
      "match_confidence": null,
      "quantity_g": null,
      "quantity_ml": null,
      "price_per_kg": null,
      "price_per_l": null
    },
    {
      "id": 1244,
      "name": "Plomari",
      "store": "Kaufland",
      "price": 8.17,
      "old_price": 12.78,
      "discount_pct": 36,
      "image_url": null,
      "off_barcode": null,
      "group_id": null,
      "match_type": null,
      "match_confidence": null,
      "quantity_g": null,
      "quantity_ml": null,
      "price_per_kg": null,
      "price_per_l": null
    },
    {
      "id": 326,
      "name": "Plomari Узо",
      "store": "Kaufland",
      "price": 15.98,
      "old_price": 25.0,
      "discount_pct": 36,
      "image_url": null,
      "off_barcode": null,
      "group_id": null,
      "match_type": null,
      "match_confidence": null,
      "quantity_g": null,
      "quantity_ml": null,
      "price_per_kg": null,
      "price_per_l": null
    },
    {
      "id": 1418,
      "name": "XIAOMI",
      "store": "Kaufland",
      "price": 19.42,
      "old_price": 30.67,
      "discount_pct": 36,
      "image_url": null,
      "off_barcode": null,
      "group_id": null,
      "match_type": null,
      "match_confidence": null,
      "quantity_g": null,
      "quantity_ml": null,
      "price_per_kg": null,
      "price_per_l": null
    },
    {
      "id": 4559,
      "name": "XIAOMI Сешоар H101 EU BHR7474EU",
      "store": "Kaufland",
      "price": 37.98,
      "old_price": 59.99,
      "discount_pct": 36,
      "image_url": null,
      "off_barcode": null,
      "group_id": null,
      "match_type": null,
      "match_confidence": null,
      "quantity_g": null,
      "quantity_ml": null,
      "price_per_kg": null,
      "price_per_l": null
    },
    {
      "id": 3239,
      "name": "КФМ Луканка\nот свежата витрина",
      "store": "Kaufland",
      "price": 31.98,
      "old_price": 49.99,
      "discount_pct": 36,
      "image_url": null,
      "off_barcode": null,
      "group_id": null,
      "match_type": null,
      "match_confidence": null,
      "quantity_g": null,
      "quantity_ml": null,
      "price_per_kg": null,
      "price_per_l": null
    },
    {
      "id": 1264,
      "name": "Логодаж Керацуда/",
      "store": "Kaufland",
      "price": 7.15,
      "old_price": 11.24,
      "discount_pct": 36,
      "image_url": null,
      "off_barcode": null,
      "group_id": null,
      "match_type": null,
      "match_confidence": null,
      "quantity_g": null,
      "quantity_ml": null,
      "price_per_kg": null,
      "price_per_l": null
    },
    {
      "id": 346,
      "name": "Логодаж Керацуда/ Широка мелнишка лоза\nЧервено или Бяло вино",
      "store": "Kaufland",
      "price": 13.98,
      "old_price": 21.98,
      "discount_pct": 36,
      "image_url": null,
      "off_barcode": null,
      "group_id": null,
      "match_type": null,
      "match_confidence": null,
      "quantity_g": null,
      "quantity_ml": null,
      "price_per_kg": null,
      "price_per_l": null
    },
    {
      "id": 957,
      "name": "Олинеза",
      "store": "Kaufland",
      "price": 6.13,
      "old_price": 9.71,
      "discount_pct": 36,
      "image_url": null,
      "off_barcode": null,
      "group_id": null,
      "match_type": null,
      "match_confidence": null,
      "quantity_g": null,
      "quantity_ml": null,
      "price_per_kg": null,
      "price_per_l": null
    },
    {
      "id": 3258,
      "name": "Пилешка пържола от бут без кост, с кожа",
      "store": "Kaufland",
      "price": 7.98,
      "old_price": 12.5,
      "discount_pct": 36,
      "image_url": null,
      "off_barcode": null,
      "group_id": null,
      "match_type": null,
      "match_confidence": null,
      "quantity_g": null,
      "quantity_ml": null,
      "price_per_kg": null,
      "price_per_l": null
    },
    {
      "id": 3468,
      "name": "Престиж Бисквити Роден край Макси\nразлични видове",
      "store": "Kaufland",
      "price": 1.99,
      "old_price": 3.15,
      "discount_pct": 36,
      "image_url": null,
      "off_barcode": null,
      "group_id": null,
      "match_type": null,
      "match_confidence": null,
      "quantity_g": null,
      "quantity_ml": null,
      "price_per_kg": null,
      "price_per_l": null
    },
    {
      "id": 3582,
      "name": "САНДАНСКИ МЕЛНИКЪ/ КЕРАЦУДА Червено или Бяло вино",
      "store": "Kaufland",
      "price": 11.99,
      "old_price": 18.99,
      "discount_pct": 36,
      "image_url": null,
      "off_barcode": null,
      "group_id": null,
      "match_type": null,
      "match_confidence": null,
      "quantity_g": null,
      "quantity_ml": null,
      "price_per_kg": null,
      "price_per_l": null
    },
    {
      "id": 681,
      "name": "Само с Billa Card - Domestos Почистващ препарат 1,250 л Продукт, маркиран със синя звезда",
      "store": "Billa",
      "price": 3.32,
      "old_price": 5.21,
      "discount_pct": 36,
      "image_url": null,
      "off_barcode": null,
      "group_id": null,
      "match_type": null,
      "match_confidence": null,
      "quantity_g": null,
      "quantity_ml": 1250,
      "price_per_kg": null,
      "price_per_l": 2.66
    },
    {
      "id": 905,
      "name": "Само с Billa Card - Somat All In 1 Таблетки за съдомиялна 75 бр.в опаковка Продукт, маркиран със син",
      "store": "Billa",
      "price": 14.82,
      "old_price": 23.16,
      "discount_pct": 36,
      "image_url": null,
      "off_barcode": null,
      "group_id": null,
      "match_type": null,
      "match_confidence": null,
      "quantity_g": null,
      "quantity_ml": null,
      "price_per_kg": null,
      "price_per_l": null
    },
    {
      "id": 1395,
      "name": "Стълба",
      "store": "Kaufland",
      "price": 61.3,
      "old_price": 97.09,
      "discount_pct": 36,
      "image_url": null,
      "off_barcode": null,
      "group_id": null,
      "match_type": null,
      "match_confidence": null,
      "quantity_g": null,
      "quantity_ml": null,
      "price_per_kg": null,
      "price_per_l": null
    },
    {
      "id": 477,
      "name": "Стълба 3 x 6 стъпала",
      "store": "Kaufland",
      "price": 119.89,
      "old_price": 189.89,
      "discount_pct": 36,
      "image_url": null,
      "off_barcode": null,
      "group_id": null,
      "match_type": null,
      "match_confidence": null,
      "quantity_g": null,
      "quantity_ml": null,
      "price_per_kg": null,
      "price_per_l": null
    },
    {
      "id": 907,
      "name": "Супер цена - Боровинки 125 г",
      "store": "Billa",
      "price": 0.95,
      "old_price": 1.49,
      "discount_pct": 36,
      "image_url": null,
      "off_barcode": null,
      "group_id": null,
      "match_type": null,
      "match_confidence": null,
      "quantity_g": 125,
      "quantity_ml": null,
      "price_per_kg": 7.6,
      "price_per_l": null
    },
    {
      "id": 1346,
      "name": "Чаени свещи",
      "store": "Kaufland",
      "price": 3.57,
      "old_price": 5.62,
      "discount_pct": 36,
      "image_url": null,
      "off_barcode": null,
      "group_id": null,
      "match_type": null,
      "match_confidence": null,
      "quantity_g": null,
      "quantity_ml": null,
      "price_per_kg": null,
      "price_per_l": null
    },
    {
      "id": 4450,
      "name": "Чаени свещи 100 бр.",
      "store": "Kaufland",
      "price": 6.98,
      "old_price": 10.99,
      "discount_pct": 36,
      "image_url": null,
      "off_barcode": null,
      "group_id": null,
      "match_type": null,
      "match_confidence": null,
      "quantity_g": null,
      "quantity_ml": null,
      "price_per_kg": null,
      "price_per_l": null
    },
    {
      "id": 1240,
      "name": "Baileys",
      "store": "Kaufland",
      "price": 13.8,
      "old_price": 21.47,
      "discount_pct": 35,
      "image_url": null,
      "off_barcode": null,
      "group_id": null,
      "match_type": null,
      "match_confidence": null,
      "quantity_g": null,
      "quantity_ml": null,
      "price_per_kg": null,
      "price_per_l": null
    },
    {
      "id": 322,
      "name": "Baileys Ликьор original\n17% vol",
      "store": "Kaufland",
      "price": 26.99,
      "old_price": 41.99,
      "discount_pct": 35,
      "image_url": null,
      "off_barcode": null,
      "group_id": null,
      "match_type": null,
      "match_confidence": null,
      "quantity_g": null,
      "quantity_ml": null,
      "price_per_kg": null,
      "price_per_l": null
    },
    {
      "id": 1279,
      "name": "CONTEMPLATIONS",
      "store": "Kaufland",
      "price": 6.48,
      "old_price": 10.07,
      "discount_pct": 35,
      "image_url": null,
      "off_barcode": null,
      "group_id": null,
      "match_type": null,
      "match_confidence": null,
      "quantity_g": null,
      "quantity_ml": null,
      "price_per_kg": null,
      "price_per_l": null
    },
    {
      "id": 361,
      "name": "CONTEMPLATIONS Червено, Бяло вино или Розе\nразлични сортове",
      "store": "Kaufland",
      "price": 12.67,
      "old_price": 19.7,
      "discount_pct": 35,
      "image_url": null,
      "off_barcode": null,
      "group_id": null,
      "match_type": null,
      "match_confidence": null,
      "quantity_g": null,
      "quantity_ml": null,
      "price_per_kg": null,
      "price_per_l": null
    },
    {
      "id": 973,
      "name": "Corny Big",
      "store": "Kaufland",
      "price": 0.76,
      "old_price": 1.17,
      "discount_pct": 35,
      "image_url": null,
      "off_barcode": null,
      "group_id": null,
      "match_type": null,
      "match_confidence": null,
      "quantity_g": null,
      "quantity_ml": null,
      "price_per_kg": null,
      "price_per_l": null
    },
    {
      "id": 345,
      "name": "Johnnie Walker Шотландско уиски\n40% vol",
      "store": "Kaufland",
      "price": 26.99,
      "old_price": 41.99,
      "discount_pct": 35,
      "image_url": null,
      "off_barcode": null,
      "group_id": null,
      "match_type": null,
      "match_confidence": null,
      "quantity_g": null,
      "quantity_ml": null,
      "price_per_kg": null,
      "price_per_l": null
    },
    {
      "id": 3579,
      "name": "K-Classic Студен чай\nразлични видове",
      "store": "Kaufland",
      "price": 1.29,
      "old_price": 1.99,
      "discount_pct": 35,
      "image_url": null,
      "off_barcode": null,
      "group_id": null,
      "match_type": null,
      "match_confidence": null,
      "quantity_g": null,
      "quantity_ml": null,
      "price_per_kg": null,
      "price_per_l": null
    },
    {
      "id": 3345,
      "name": "LEONTIADIS FAMILY Гръцка пита\nпшенична",
      "store": "Kaufland",
      "price": 2.58,
      "old_price": 3.99,
      "discount_pct": 35,
      "image_url": null,
      "off_barcode": null,
      "group_id": null,
      "match_type": null,
      "match_confidence": null,
      "quantity_g": null,
      "quantity_ml": null,
      "price_per_kg": null,
      "price_per_l": null
    },
    {
      "id": 759,
      "name": "Landfrisch Сирене котидж 4q5% 150 г",
      "store": "Billa",
      "price": 1.15,
      "old_price": 1.78,
      "discount_pct": 35,
      "image_url": null,
      "off_barcode": null,
      "group_id": null,
      "match_type": null,
      "match_confidence": null,
      "quantity_g": 150,
      "quantity_ml": null,
      "price_per_kg": 7.67,
      "price_per_l": null
    },
    {
      "id": 4057,
      "name": "Lenor Парфюмни перли\nразлични видове",
      "store": "Kaufland",
      "price": 17.97,
      "old_price": 27.99,
      "discount_pct": 35,
      "image_url": null,
      "off_barcode": null,
      "group_id": null,
      "match_type": null,
      "match_confidence": null,
      "quantity_g": null,
      "quantity_ml": null,
      "price_per_kg": null,
      "price_per_l": null
    },
    {
      "id": 4062,
      "name": "Nutrino Lab Плодово пюре\nразлични видове",
      "store": "Kaufland",
      "price": 2.58,
      "old_price": 3.99,
      "discount_pct": 35,
      "image_url": null,
      "off_barcode": null,
      "group_id": null,
      "match_type": null,
      "match_confidence": null,
      "quantity_g": null,
      "quantity_ml": null,
      "price_per_kg": null,
      "price_per_l": null
    },
    {
      "id": 1419,
      "name": "ROWENTA",
      "store": "Kaufland",
      "price": 66.41,
      "old_price": 102.21,
      "discount_pct": 35,
      "image_url": null,
      "off_barcode": null,
      "group_id": null,
      "match_type": null,
      "match_confidence": null,
      "quantity_g": null,
      "quantity_ml": null,
      "price_per_kg": null,
      "price_per_l": null
    },
    {
      "id": 4560,
      "name": "ROWENTA Парочистачка RY6555WH",
      "store": "Kaufland",
      "price": 129.89,
      "old_price": 199.91,
      "discount_pct": 35,
      "image_url": null,
      "off_barcode": null,
      "group_id": null,
      "match_type": null,
      "match_confidence": null,
      "quantity_g": null,
      "quantity_ml": null,
      "price_per_kg": null,
      "price_per_l": null
    },
    {
      "id": 3335,
      "name": "Raffy Сладолед\nразлични вкусове",
      "store": "Kaufland",
      "price": 8.98,
      "old_price": 13.98,
      "discount_pct": 35,
      "image_url": null,
      "off_barcode": null,
      "group_id": null,
      "match_type": null,
      "match_confidence": null,
      "quantity_g": null,
      "quantity_ml": null,
      "price_per_kg": null,
      "price_per_l": null
    },
    {
      "id": 1136,
      "name": "Stella",
      "store": "Kaufland",
      "price": 0.99,
      "old_price": 1.53,
      "discount_pct": 35,
      "image_url": null,
      "off_barcode": null,
      "group_id": null,
      "match_type": null,
      "match_confidence": null,
      "quantity_g": null,
      "quantity_ml": null,
      "price_per_kg": null,
      "price_per_l": null
    },
    {
      "id": 4320,
      "name": "Stella Макаронени изделия\nизбрани видове",
      "store": "Kaufland",
      "price": 1.94,
      "old_price": 2.99,
      "discount_pct": 35,
      "image_url": null,
      "off_barcode": null,
      "group_id": null,
      "match_type": null,
      "match_confidence": null,
      "quantity_g": null,
      "quantity_ml": null,
      "price_per_kg": null,
      "price_per_l": null
    },
    {
      "id": 519,
      "name": "TEFAL",
      "store": "Kaufland",
      "price": 18.4,
      "old_price": 28.63,
      "discount_pct": 35,
      "image_url": null,
      "off_barcode": null,
      "group_id": null,
      "match_type": null,
      "match_confidence": null,
      "quantity_g": null,
      "quantity_ml": null,
      "price_per_kg": null,
      "price_per_l": null
    },
    {
      "id": 4639,
      "name": "TEFAL Грил тиган Duetto\nØ26 см",
      "store": "Kaufland",
      "price": 35.99,
      "old_price": 56.0,
      "discount_pct": 35,
      "image_url": null,
      "off_barcode": null,
      "group_id": null,
      "match_type": null,
      "match_confidence": null,
      "quantity_g": null,
      "quantity_ml": null,
      "price_per_kg": null,
      "price_per_l": null
    },
    {
      "id": 1287,
      "name": "Warsteiner",
      "store": "Kaufland",
      "price": 3.57,
      "old_price": 5.5,
      "discount_pct": 35,
      "image_url": null,
      "off_barcode": null,
      "group_id": null,
      "match_type": null,
      "match_confidence": null,
      "quantity_g": null,
      "quantity_ml": null,
      "price_per_kg": null,
      "price_per_l": null
    },
    {
      "id": 369,
      "name": "Warsteiner Бира",
      "store": "Kaufland",
      "price": 6.98,
      "old_price": 10.76,
      "discount_pct": 35,
      "image_url": null,
      "off_barcode": null,
      "group_id": null,
      "match_type": null,
      "match_confidence": null,
      "quantity_g": null,
      "quantity_ml": null,
      "price_per_kg": null,
      "price_per_l": null
    },
    {
      "id": 2720,
      "name": "Wenko® Стойка за микровълнова фурна | LIDL",
      "store": "Lidl",
      "price": 97.77,
      "old_price": 150.6,
      "discount_pct": 35,
      "image_url": null,
      "off_barcode": null,
      "group_id": null,
      "match_type": null,
      "match_confidence": null,
      "quantity_g": null,
      "quantity_ml": null,
      "price_per_kg": null,
      "price_per_l": null
    },
    {
      "id": 5735,
      "name": "Авокадо",
      "store": "Lidl",
      "price": 0.99,
      "old_price": 1.53,
      "discount_pct": 35,
      "image_url": null,
      "off_barcode": null,
      "group_id": "g_eccbc87e",
      "match_type": "name_similarity",
      "match_confidence": 1.0,
      "quantity_g": null,
      "quantity_ml": null,
      "price_per_kg": null,
      "price_per_l": null
    },
    {
      "id": 3420,
      "name": "Бяла багета от нашата пекарна",
      "store": "Kaufland",
      "price": 0.25,
      "old_price": 0.39,
      "discount_pct": 35,
      "image_url": null,
      "off_barcode": null,
      "group_id": null,
      "match_type": null,
      "match_confidence": null,
      "quantity_g": null,
      "quantity_ml": null,
      "price_per_kg": null,
      "price_per_l": null
    },
    {
      "id": 1024,
      "name": "Гъби печурки",
      "store": "Kaufland",
      "price": 0.99,
      "old_price": 1.53,
      "discount_pct": 35,
      "image_url": null,
      "off_barcode": null,
      "group_id": null,
      "match_type": null,
      "match_confidence": null,
      "quantity_g": null,
      "quantity_ml": null,
      "price_per_kg": null,
      "price_per_l": null
    },
    {
      "id": 4030,
      "name": "Дома Меденки",
      "store": "Kaufland",
      "price": 3.48,
      "old_price": 5.4,
      "discount_pct": 35,
      "image_url": null,
      "off_barcode": null,
      "group_id": null,
      "match_type": null,
      "match_confidence": null,
      "quantity_g": null,
      "quantity_ml": null,
      "price_per_kg": null,
      "price_per_l": null
    },
    {
      "id": 1092,
      "name": "Елена",
      "store": "Kaufland",
      "price": 0.71,
      "old_price": 1.1,
      "discount_pct": 35,
      "image_url": null,
      "off_barcode": null,
      "group_id": null,
      "match_type": null,
      "match_confidence": null,
      "quantity_g": null,
      "quantity_ml": null,
      "price_per_kg": null,
      "price_per_l": null
    },
    {
      "id": 4301,
      "name": "Елена Кисело мляко",
      "store": "Kaufland",
      "price": 1.39,
      "old_price": 2.15,
      "discount_pct": 35,
      "image_url": null,
      "off_barcode": null,
      "group_id": null,
      "match_type": null,
      "match_confidence": null,
      "quantity_g": null,
      "quantity_ml": null,
      "price_per_kg": null,
      "price_per_l": null
    },
    {
      "id": 1180,
      "name": "Закуска Болонезе",
      "store": "Kaufland",
      "price": 0.66,
      "old_price": 1.02,
      "discount_pct": 35,
      "image_url": null,
      "off_barcode": null,
      "group_id": null,
      "match_type": null,
      "match_confidence": null,
      "quantity_g": null,
      "quantity_ml": null,
      "price_per_kg": null,
      "price_per_l": null
    },
    {
      "id": 262,
      "name": "Закуска Болонезе от нашата пекарна",
      "store": "Kaufland",
      "price": 1.29,
      "old_price": 1.99,
      "discount_pct": 35,
      "image_url": null,
      "off_barcode": null,
      "group_id": null,
      "match_type": null,
      "match_confidence": null,
      "quantity_g": null,
      "quantity_ml": null,
      "price_per_kg": null,
      "price_per_l": null
    },
    {
      "id": 1079,
      "name": "Копърка",
      "store": "Kaufland",
      "price": 6.64,
      "old_price": 10.22,
      "discount_pct": 35,
      "image_url": null,
      "off_barcode": null,
      "group_id": null,
      "match_type": null,
      "match_confidence": null,
      "quantity_g": null,
      "quantity_ml": null,
      "price_per_kg": null,
      "price_per_l": null
    },
    {
      "id": 161,
      "name": "Копърка от свежата витрина",
      "store": "Kaufland",
      "price": 12.99,
      "old_price": 19.99,
      "discount_pct": 35,
      "image_url": null,
      "off_barcode": null,
      "group_id": null,
      "match_type": null,
      "match_confidence": null,
      "quantity_g": null,
      "quantity_ml": null,
      "price_per_kg": null,
      "price_per_l": null
    },
    {
      "id": 5738,
      "name": "Круши",
      "store": "Lidl",
      "price": 1.64,
      "old_price": 2.55,
      "discount_pct": 35,
      "image_url": null,
      "off_barcode": null,
      "group_id": null,
      "match_type": null,
      "match_confidence": null,
      "quantity_g": null,
      "quantity_ml": null,
      "price_per_kg": null,
      "price_per_l": null
    },
    {
      "id": 5822,
      "name": "Лосион за премахване на грим",
      "store": "Lidl",
      "price": 0.99,
      "old_price": 1.53,
      "discount_pct": 35,
      "image_url": null,
      "off_barcode": null,
      "group_id": null,
      "match_type": null,
      "match_confidence": null,
      "quantity_g": null,
      "quantity_ml": null,
      "price_per_kg": null,
      "price_per_l": null
    },
    {
      "id": 3240,
      "name": "МАЙСТОР ЦВЕТКО Шунка от бут\nот свежата витрина",
      "store": "Kaufland",
      "price": 12.99,
      "old_price": 19.99,
      "discount_pct": 35,
      "image_url": null,
      "off_barcode": null,
      "group_id": null,
      "match_type": null,
      "match_confidence": null,
      "quantity_g": null,
      "quantity_ml": null,
      "price_per_kg": null,
      "price_per_l": null
    },
    {
      "id": 552,
      "name": "Маслини Каламата натурални",
      "store": "Kaufland",
      "price": 8.98,
      "old_price": 13.98,
      "discount_pct": 35,
      "image_url": null,
      "off_barcode": null,
      "group_id": null,
      "match_type": null,
      "match_confidence": null,
      "quantity_g": null,
      "quantity_ml": null,
      "price_per_kg": null,
      "price_per_l": null
    },
    {
      "id": 1071,
      "name": "Народен",
      "store": "Kaufland",
      "price": 2.29,
      "old_price": 3.57,
      "discount_pct": 35,
      "image_url": null,
      "off_barcode": null,
      "group_id": null,
      "match_type": null,
      "match_confidence": null,
      "quantity_g": null,
      "quantity_ml": null,
      "price_per_kg": null,
      "price_per_l": null
    },
    {
      "id": 750,
      "name": "Народен Кренвирш пилешки От деликатесната витрина За 1 кг",
      "store": "Billa",
      "price": 2.79,
      "old_price": 4.34,
      "discount_pct": 35,
      "image_url": null,
      "off_barcode": null,
      "group_id": null,
      "match_type": null,
      "match_confidence": null,
      "quantity_g": 1000,
      "quantity_ml": null,
      "price_per_kg": 2.79,
      "price_per_l": null
    },
    {
      "id": 4296,
      "name": "Народен Шпек\nразлични видове",
      "store": "Kaufland",
      "price": 4.48,
      "old_price": 6.98,
      "discount_pct": 35,
      "image_url": null,
      "off_barcode": null,
      "group_id": null,
      "match_type": null,
      "match_confidence": null,
      "quantity_g": null,
      "quantity_ml": null,
      "price_per_kg": null,
      "price_per_l": null
    },
    {
      "id": 3333,
      "name": "Сами-М Панирани пръчици с кашкавал\nзамразени",
      "store": "Kaufland",
      "price": 9.99,
      "old_price": 15.49,
      "discount_pct": 35,
      "image_url": null,
      "off_barcode": null,
      "group_id": null,
      "match_type": null,
      "match_confidence": null,
      "quantity_g": null,
      "quantity_ml": null,
      "price_per_kg": null,
      "price_per_l": null
    },
    {
      "id": 1228,
      "name": "Своге",
      "store": "Kaufland",
      "price": 0.96,
      "old_price": 1.48,
      "discount_pct": 35,
      "image_url": null,
      "off_barcode": null,
      "group_id": null,
      "match_type": null,
      "match_confidence": null,
      "quantity_g": null,
      "quantity_ml": null,
      "price_per_kg": null,
      "price_per_l": null
    },
    {
      "id": 1196,
      "name": "Сладки времена",
      "store": "Kaufland",
      "price": 0.13,
      "old_price": 0.2,
      "discount_pct": 35,
      "image_url": null,
      "off_barcode": null,
      "group_id": null,
      "match_type": null,
      "match_confidence": null,
      "quantity_g": null,
      "quantity_ml": null,
      "price_per_kg": null,
      "price_per_l": null
    },
    {
      "id": 4339,
      "name": "Сладки времена Локум или Халва\nразлични видове",
      "store": "Kaufland",
      "price": 0.25,
      "old_price": 0.39,
      "discount_pct": 35,
      "image_url": null,
      "off_barcode": null,
      "group_id": null,
      "match_type": null,
      "match_confidence": null,
      "quantity_g": null,
      "quantity_ml": null,
      "price_per_kg": null,
      "price_per_l": null
    },
    {
      "id": 277,
      "name": "Сладки времена Минилокум\nобикновен",
      "store": "Kaufland",
      "price": 0.25,
      "old_price": 0.39,
      "discount_pct": 35,
      "image_url": null,
      "off_barcode": null,
      "group_id": null,
      "match_type": null,
      "match_confidence": null,
      "quantity_g": null,
      "quantity_ml": null,
      "price_per_kg": null,
      "price_per_l": null
    },
    {
      "id": 677,
      "name": "Супер цена - Felix Пауч за котки 12 бр. x 85 г Различни видове Продукт, маркиран със синя звезда",
      "store": "Billa",
      "price": 3.88,
      "old_price": 6.03,
      "discount_pct": 35,
      "image_url": null,
      "off_barcode": null,
      "group_id": null,
      "match_type": null,
      "match_confidence": null,
      "quantity_g": 85,
      "quantity_ml": null,
      "price_per_kg": 45.65,
      "price_per_l": null
    },
    {
      "id": 688,
      "name": "Супер цена - Гъби печурки 250 г",
      "store": "Billa",
      "price": 0.99,
      "old_price": 1.53,
      "discount_pct": 35,
      "image_url": null,
      "off_barcode": null,
      "group_id": null,
      "match_type": null,
      "match_confidence": null,
      "quantity_g": 250,
      "quantity_ml": null,
      "price_per_kg": 3.96,
      "price_per_l": null
    },
    {
      "id": 731,
      "name": "Супер цена - Кюфте от кълцано свинско месо От топлата витрина 1 бр. Billa Ready",
      "store": "Billa",
      "price": 0.49,
      "old_price": 0.76,
      "discount_pct": 35,
      "image_url": null,
      "off_barcode": null,
      "group_id": null,
      "match_type": null,
      "match_confidence": null,
      "quantity_g": null,
      "quantity_ml": null,
      "price_per_kg": null,
      "price_per_l": null
    },
    {
      "id": 917,
      "name": "Супер цена - М&Danimond Царска туршия 1 кг",
      "store": "Billa",
      "price": 2.29,
      "old_price": 3.57,
      "discount_pct": 35,
      "image_url": null,
      "off_barcode": null,
      "group_id": null,
      "match_type": null,
      "match_confidence": null,
      "quantity_g": 1000,
      "quantity_ml": null,
      "price_per_kg": 2.29,
      "price_per_l": null
    },
    {
      "id": 989,
      "name": "Bella",
      "store": "Kaufland",
      "price": 1.68,
      "old_price": 2.55,
      "discount_pct": 34,
      "image_url": null,
      "off_barcode": null,
      "group_id": null,
      "match_type": null,
      "match_confidence": null,
      "quantity_g": null,
      "quantity_ml": null,
      "price_per_kg": null,
      "price_per_l": null
    },
    {
      "id": 1178,
      "name": "COSTA D'ORO LE COLLINE",
      "store": "Kaufland",
      "price": 7.66,
      "old_price": 11.75,
      "discount_pct": 34,
      "image_url": null,
      "off_barcode": null,
      "group_id": null,
      "match_type": null,
      "match_confidence": null,
      "quantity_g": null,
      "quantity_ml": null,
      "price_per_kg": null,
      "price_per_l": null
    },
    {
      "id": 260,
      "name": "COSTA D'ORO LE COLLINE Маслиново масло",
      "store": "Kaufland",
      "price": 14.98,
      "old_price": 22.98,
      "discount_pct": 34,
      "image_url": null,
      "off_barcode": null,
      "group_id": null,
      "match_type": null,
      "match_confidence": null,
      "quantity_g": null,
      "quantity_ml": null,
      "price_per_kg": null,
      "price_per_l": null
    },
    {
      "id": 868,
      "name": "Finish Сол за съдомиялна 1,5 кг, изплакваща течност 800 мл или почистващи капсули за съдомиялна 3 бр",
      "store": "Billa",
      "price": 4.6,
      "old_price": 6.98,
      "discount_pct": 34,
      "image_url": null,
      "off_barcode": null,
      "group_id": null,
      "match_type": null,
      "match_confidence": null,
      "quantity_g": 1500,
      "quantity_ml": null,
      "price_per_kg": 3.07,
      "price_per_l": null
    },
    {
      "id": 3528,
      "name": "Johnnie Walker Шотландско уиски",
      "store": "Kaufland",
      "price": 20.99,
      "old_price": 32.0,
      "discount_pct": 34,
      "image_url": null,
      "off_barcode": null,
      "group_id": null,
      "match_type": null,
      "match_confidence": null,
      "quantity_g": null,
      "quantity_ml": null,
      "price_per_kg": null,
      "price_per_l": null
    },
    {
      "id": 647,
      "name": "King оферта - Супер цена - Бадем печен За 1 кг",
      "store": "Billa",
      "price": 9.99,
      "old_price": 15.33,
      "discount_pct": 34,
      "image_url": null,
      "off_barcode": null,
      "group_id": null,
      "match_type": null,
      "match_confidence": null,
      "quantity_g": 1000,
      "quantity_ml": null,
      "price_per_kg": 9.99,
      "price_per_l": null
    },
    {
      "id": 668,
      "name": "King оферта - Супер цена - Банкя Минерална вода 6 x 1,5 л Произход - България Продукт, маркиран със ",
      "store": "Billa",
      "price": 2.55,
      "old_price": 3.91,
      "discount_pct": 34,
      "image_url": null,
      "off_barcode": null,
      "group_id": null,
      "match_type": null,
      "match_confidence": null,
      "quantity_g": null,
      "quantity_ml": 9000,
      "price_per_kg": null,
      "price_per_l": 0.28
    },
    {
      "id": 797,
      "name": "Krina Капия печена белена без оцет 680 г",
      "store": "Billa",
      "price": 1.99,
      "old_price": 3.06,
      "discount_pct": 34,
      "image_url": null,
      "off_barcode": null,
      "group_id": null,
      "match_type": null,
      "match_confidence": null,
      "quantity_g": 680,
      "quantity_ml": null,
      "price_per_kg": 2.93,
      "price_per_l": null
    },
    {
      "id": 3574,
      "name": "Moretti Бира\nпромопакет",
      "store": "Kaufland",
      "price": 4.79,
      "old_price": 7.33,
      "discount_pct": 34,
      "image_url": null,
      "off_barcode": null,
      "group_id": null,
      "match_type": null,
      "match_confidence": null,
      "quantity_g": null,
      "quantity_ml": null,
      "price_per_kg": null,
      "price_per_l": null
    },
    {
      "id": 968,
      "name": "Oreo",
      "store": "Kaufland",
      "price": 1.27,
      "old_price": 1.94,
      "discount_pct": 34,
      "image_url": null,
      "off_barcode": null,
      "group_id": null,
      "match_type": null,
      "match_confidence": null,
      "quantity_g": null,
      "quantity_ml": null,
      "price_per_kg": null,
      "price_per_l": null
    },
    {
      "id": 1096,
      "name": "Prestige",
      "store": "Kaufland",
      "price": 2.29,
      "old_price": 3.47,
      "discount_pct": 34,
      "image_url": null,
      "off_barcode": null,
      "group_id": null,
      "match_type": null,
      "match_confidence": null,
      "quantity_g": null,
      "quantity_ml": null,
      "price_per_kg": null,
      "price_per_l": null
    },
    {
      "id": 178,
      "name": "Prestige Камамбер или Бри",
      "store": "Kaufland",
      "price": 4.48,
      "old_price": 6.79,
      "discount_pct": 34,
      "image_url": null,
      "off_barcode": null,
      "group_id": null,
      "match_type": null,
      "match_confidence": null,
      "quantity_g": null,
      "quantity_ml": null,
      "price_per_kg": null,
      "price_per_l": null
    },
    {
      "id": 3578,
      "name": "Queens Сок/Нектар/Плодова напитка\nразлични видове",
      "store": "Kaufland",
      "price": 2.39,
      "old_price": 3.66,
      "discount_pct": 34,
      "image_url": null,
      "off_barcode": null,
      "group_id": null,
      "match_type": null,
      "match_confidence": null,
      "quantity_g": null,
      "quantity_ml": null,
      "price_per_kg": null,
      "price_per_l": null
    },
    {
      "id": 4029,
      "name": "Salza Гризини\nразлични видове",
      "store": "Kaufland",
      "price": 1.96,
      "old_price": 2.99,
      "discount_pct": 34,
      "image_url": null,
      "off_barcode": null,
      "group_id": null,
      "match_type": null,
      "match_confidence": null,
      "quantity_g": null,
      "quantity_ml": null,
      "price_per_kg": null,
      "price_per_l": null
    },
    {
      "id": 3532,
      "name": "Smirnoff No.21 Водка",
      "store": "Kaufland",
      "price": 20.89,
      "old_price": 32.0,
      "discount_pct": 34,
      "image_url": null,
      "off_barcode": null,
      "group_id": null,
      "match_type": null,
      "match_confidence": null,
      "quantity_g": null,
      "quantity_ml": null,
      "price_per_kg": null,
      "price_per_l": null
    },
    {
      "id": 1193,
      "name": "Амфора",
      "store": "Kaufland",
      "price": 1.53,
      "old_price": 2.33,
      "discount_pct": 34,
      "image_url": null,
      "off_barcode": null,
      "group_id": null,
      "match_type": null,
      "match_confidence": null,
      "quantity_g": null,
      "quantity_ml": null,
      "price_per_kg": null,
      "price_per_l": null
    },
    {
      "id": 4337,
      "name": "Амфора Бонбони",
      "store": "Kaufland",
      "price": 2.99,
      "old_price": 4.56,
      "discount_pct": 34,
      "image_url": null,
      "off_barcode": null,
      "group_id": null,
      "match_type": null,
      "match_confidence": null,
      "quantity_g": null,
      "quantity_ml": null,
      "price_per_kg": null,
      "price_per_l": null
    },
    {
      "id": 1150,
      "name": "Донът",
      "store": "Kaufland",
      "price": 0.4,
      "old_price": 0.61,
      "discount_pct": 34,
      "image_url": null,
      "off_barcode": null,
      "group_id": null,
      "match_type": null,
      "match_confidence": null,
      "quantity_g": null,
      "quantity_ml": null,
      "price_per_kg": null,
      "price_per_l": null
    },
    {
      "id": 2,
      "name": "Донът с ягодов пълнеж",
      "store": "Kaufland",
      "price": 0.78,
      "old_price": 1.19,
      "discount_pct": 34,
      "image_url": null,
      "off_barcode": null,
      "group_id": null,
      "match_type": null,
      "match_confidence": null,
      "quantity_g": null,
      "quantity_ml": null,
      "price_per_kg": null,
      "price_per_l": null
    },
    {
      "id": 1140,
      "name": "Закуска",
      "store": "Kaufland",
      "price": 0.5,
      "old_price": 0.76,
      "discount_pct": 34,
      "image_url": null,
      "off_barcode": null,
      "group_id": null,
      "match_type": null,
      "match_confidence": null,
      "quantity_g": null,
      "quantity_ml": null,
      "price_per_kg": null,
      "price_per_l": null
    },
    {
      "id": 222,
      "name": "Закуска с пушено сирене и шунка",
      "store": "Kaufland",
      "price": 0.98,
      "old_price": 1.49,
      "discount_pct": 34,
      "image_url": null,
      "off_barcode": null,
      "group_id": null,
      "match_type": null,
      "match_confidence": null,
      "quantity_g": null,
      "quantity_ml": null,
      "price_per_kg": null,
      "price_per_l": null
    },
    {
      "id": 3375,
      "name": "Кенар Руска салата\nс шунка",
      "store": "Kaufland",
      "price": 4.19,
      "old_price": 6.4,
      "discount_pct": 34,
      "image_url": null,
      "off_barcode": null,
      "group_id": null,
      "match_type": null,
      "match_confidence": null,
      "quantity_g": null,
      "quantity_ml": null,
      "price_per_kg": null,
      "price_per_l": null
    },
    {
      "id": 1195,
      "name": "Кристал",
      "store": "Kaufland",
      "price": 0.5,
      "old_price": 0.76,
      "discount_pct": 34,
      "image_url": null,
      "off_barcode": null,
      "group_id": null,
      "match_type": null,
      "match_confidence": null,
      "quantity_g": null,
      "quantity_ml": null,
      "price_per_kg": null,
      "price_per_l": null
    },
    {
      "id": 4338,
      "name": "Кристал Локум",
      "store": "Kaufland",
      "price": 0.98,
      "old_price": 1.49,
      "discount_pct": 34,
      "image_url": null,
      "off_barcode": null,
      "group_id": null,
      "match_type": null,
      "match_confidence": null,
      "quantity_g": null,
      "quantity_ml": null,
      "price_per_kg": null,
      "price_per_l": null
    },
    {
      "id": 1027,
      "name": "Лимони",
      "store": "Kaufland",
      "price": 1.99,
      "old_price": 3.05,
      "discount_pct": 34,
      "image_url": null,
      "off_barcode": null,
      "group_id": null,
      "match_type": null,
      "match_confidence": null,
      "quantity_g": null,
      "quantity_ml": null,
      "price_per_kg": null,
      "price_per_l": null
    },
    {
      "id": 1103,
      "name": "Мakler",
      "store": "Kaufland",
      "price": 10.73,
      "old_price": 16.35,
      "discount_pct": 34,
      "image_url": null,
      "off_barcode": null,
      "group_id": null,
      "match_type": null,
      "match_confidence": null,
      "quantity_g": null,
      "quantity_ml": null,
      "price_per_kg": null,
      "price_per_l": null
    },
    {
      "id": 4305,
      "name": "Мakler Моцарела\nот свежата витрина",
      "store": "Kaufland",
      "price": 20.99,
      "old_price": 31.98,
      "discount_pct": 34,
      "image_url": null,
      "off_barcode": null,
      "group_id": null,
      "match_type": null,
      "match_confidence": null,
      "quantity_g": null,
      "quantity_ml": null,
      "price_per_kg": null,
      "price_per_l": null
    },
    {
      "id": 5733,
      "name": "Манго",
      "store": "Lidl",
      "price": 1.27,
      "old_price": 1.95,
      "discount_pct": 34,
      "image_url": null,
      "off_barcode": null,
      "group_id": "g_a87ff679",
      "match_type": "name_similarity",
      "match_confidence": 1.0,
      "quantity_g": null,
      "quantity_ml": null,
      "price_per_kg": null,
      "price_per_l": null
    },
    {
      "id": 807,
      "name": "Млечен шоколад 160 г",
      "store": "Billa",
      "price": 1.53,
      "old_price": 2.35,
      "discount_pct": 34,
      "image_url": null,
      "off_barcode": null,
      "group_id": "g_6ea9ab1b",
      "match_type": "name_similarity",
      "match_confidence": 0.85,
      "quantity_g": 160,
      "quantity_ml": null,
      "price_per_kg": 9.56,
      "price_per_l": null
    },
    {
      "id": 1194,
      "name": "Пловдивски локум",
      "store": "Kaufland",
      "price": 0.5,
      "old_price": 0.76,
      "discount_pct": 34,
      "image_url": null,
      "off_barcode": null,
      "group_id": null,
      "match_type": null,
      "match_confidence": null,
      "quantity_g": null,
      "quantity_ml": null,
      "price_per_kg": null,
      "price_per_l": null
    },
    {
      "id": 276,
      "name": "Пловдивски локум различни видове",
      "store": "Kaufland",
      "price": 0.98,
      "old_price": 1.49,
      "discount_pct": 34,
      "image_url": null,
      "off_barcode": null,
      "group_id": null,
      "match_type": null,
      "match_confidence": null,
      "quantity_g": null,
      "quantity_ml": null,
      "price_per_kg": null,
      "price_per_l": null
    },
    {
      "id": 793,
      "name": "Само с Billa App - Billa Необработено маслиново масло extra virgin 750 мл",
      "store": "Billa",
      "price": 5.99,
      "old_price": 9.2,
      "discount_pct": 34,
      "image_url": null,
      "off_barcode": null,
      "group_id": null,
      "match_type": null,
      "match_confidence": null,
      "quantity_g": null,
      "quantity_ml": 750,
      "price_per_kg": null,
      "price_per_l": 7.99
    },
    {
      "id": 901,
      "name": "Само с Billa Card - Dove Крем сапун 90 г",
      "store": "Billa",
      "price": 1.07,
      "old_price": 1.63,
      "discount_pct": 34,
      "image_url": null,
      "off_barcode": null,
      "group_id": null,
      "match_type": null,
      "match_confidence": null,
      "quantity_g": 90,
      "quantity_ml": null,
      "price_per_kg": 11.89,
      "price_per_l": null
    },
    {
      "id": 309,
      "name": "Своге Шоколад\nразлични видове",
      "store": "Kaufland",
      "price": 1.88,
      "old_price": 2.89,
      "discount_pct": 34,
      "image_url": null,
      "off_barcode": null,
      "group_id": null,
      "match_type": null,
      "match_confidence": null,
      "quantity_g": null,
      "quantity_ml": null,
      "price_per_kg": null,
      "price_per_l": null
    },
    {
      "id": 141,
      "name": "Тандем Колбас\nТелешки /Хамбургски /Камчия",
      "store": "Kaufland",
      "price": 3.89,
      "old_price": 5.98,
      "discount_pct": 34,
      "image_url": null,
      "off_barcode": null,
      "group_id": null,
      "match_type": null,
      "match_confidence": null,
      "quantity_g": null,
      "quantity_ml": null,
      "price_per_kg": null,
      "price_per_l": null
    },
    {
      "id": 1374,
      "name": "Ayano",
      "store": "Kaufland",
      "price": 5.11,
      "old_price": 7.66,
      "discount_pct": 33,
      "image_url": null,
      "off_barcode": null,
      "group_id": null,
      "match_type": null,
      "match_confidence": null,
      "quantity_g": null,
      "quantity_ml": null,
      "price_per_kg": null,
      "price_per_l": null
    },
    {
      "id": 4517,
      "name": "Ayano Бяло, Червено вино или Розе\nразлични сортове",
      "store": "Kaufland",
      "price": 9.99,
      "old_price": 14.98,
      "discount_pct": 33,
      "image_url": null,
      "off_barcode": null,
      "group_id": null,
      "match_type": null,
      "match_confidence": null,
      "quantity_g": null,
      "quantity_ml": null,
      "price_per_kg": null,
      "price_per_l": null
    },
    {
      "id": 3660,
      "name": "B.U. Дезодорант спрей\nразлични видове",
      "store": "Kaufland",
      "price": 4.48,
      "old_price": 6.69,
      "discount_pct": 33,
      "image_url": null,
      "off_barcode": null,
      "group_id": null,
      "match_type": null,
      "match_confidence": null,
      "quantity_g": null,
      "quantity_ml": null,
      "price_per_kg": null,
      "price_per_l": null
    },
    {
      "id": 3663,
      "name": "B.U. Дезодорант спрей\\nразлични видове",
      "store": "Kaufland",
      "price": 4.48,
      "old_price": 6.69,
      "discount_pct": 33,
      "image_url": null,
      "off_barcode": null,
      "group_id": null,
      "match_type": null,
      "match_confidence": null,
      "quantity_g": null,
      "quantity_ml": null,
      "price_per_kg": null,
      "price_per_l": null
    },
    {
      "id": 3229,
      "name": "BIS Свински врат\nот свежата витрина",
      "store": "Kaufland",
      "price": 9.99,
      "old_price": 14.98,
      "discount_pct": 33,
      "image_url": null,
      "off_barcode": null,
      "group_id": null,
      "match_type": null,
      "match_confidence": null,
      "quantity_g": null,
      "quantity_ml": null,
      "price_per_kg": null,
      "price_per_l": null
    },
    {
      "id": 3530,
      "name": "Bushmills Ирландско уиски",
      "store": "Kaufland",
      "price": 31.98,
      "old_price": 48.0,
      "discount_pct": 33,
      "image_url": null,
      "off_barcode": null,
      "group_id": null,
      "match_type": null,
      "match_confidence": null,
      "quantity_g": null,
      "quantity_ml": null,
      "price_per_kg": null,
      "price_per_l": null
    },
    {
      "id": 1389,
      "name": "CROWN",
      "store": "Kaufland",
      "price": 102.2,
      "old_price": 153.33,
      "discount_pct": 33,
      "image_url": null,
      "off_barcode": null,
      "group_id": null,
      "match_type": null,
      "match_confidence": null,
      "quantity_g": null,
      "quantity_ml": null,
      "price_per_kg": null,
      "price_per_l": null
    },
    {
      "id": 4524,
      "name": "CROWN LED SMART телевизор 32FB12AW\n32\" (81 см)",
      "store": "Kaufland",
      "price": 199.89,
      "old_price": 299.89,
      "discount_pct": 33,
      "image_url": null,
      "off_barcode": null,
      "group_id": null,
      "match_type": null,
      "match_confidence": null,
      "quantity_g": null,
      "quantity_ml": null,
      "price_per_kg": null,
      "price_per_l": null
    },
    {
      "id": 4051,
      "name": "Cipriani Bellini Ароматизирана напитка\nна винена основа",
      "store": "Kaufland",
      "price": 19.99,
      "old_price": 29.98,
      "discount_pct": 33,
      "image_url": null,
      "off_barcode": null,
      "group_id": null,
      "match_type": null,
      "match_confidence": null,
      "quantity_g": null,
      "quantity_ml": null,
      "price_per_kg": null,
      "price_per_l": null
    },
    {
      "id": 4087,
      "name": "Coca-Cola/ Fanta/ Sprite различни видове",
      "store": "Kaufland",
      "price": 6.77,
      "old_price": 10.15,
      "discount_pct": 33,
      "image_url": null,
      "off_barcode": null,
      "group_id": null,
      "match_type": null,
      "match_confidence": null,
      "quantity_g": null,
      "quantity_ml": null,
      "price_per_kg": null,
      "price_per_l": null
    },
    {
      "id": 3557,
      "name": "Devin минерална вода",
      "store": "Kaufland",
      "price": 4.65,
      "old_price": 6.98,
      "discount_pct": 33,
      "image_url": null,
      "off_barcode": null,
      "group_id": null,
      "match_type": null,
      "match_confidence": null,
      "quantity_g": null,
      "quantity_ml": null,
      "price_per_kg": null,
      "price_per_l": null
    },
    {
      "id": 3294,
      "name": "Granarolo Маскарпоне",
      "store": "Kaufland",
      "price": 9.99,
      "old_price": 14.98,
      "discount_pct": 33,
      "image_url": null,
      "off_barcode": null,
      "group_id": null,
      "match_type": null,
      "match_confidence": null,
      "quantity_g": null,
      "quantity_ml": null,
      "price_per_kg": null,
      "price_per_l": null
    },
    {
      "id": 810,
      "name": "Jacobs Мляно кафе Monarch 500 г",
      "store": "Billa",
      "price": 9.2,
      "old_price": 13.75,
      "discount_pct": 33,
      "image_url": null,
      "off_barcode": null,
      "group_id": null,
      "match_type": null,
      "match_confidence": null,
      "quantity_g": 500,
      "quantity_ml": null,
      "price_per_kg": 18.4,
      "price_per_l": null
    },
    {
      "id": 671,
      "name": "King оферта - Супер цена - Pepsi газирана напитка 4 х 1 л Продукт, маркиран със синя звезда",
      "store": "Billa",
      "price": 2.04,
      "old_price": 3.06,
      "discount_pct": 33,
      "image_url": null,
      "off_barcode": null,
      "group_id": null,
      "match_type": null,
      "match_confidence": null,
      "quantity_g": null,
      "quantity_ml": 4000,
      "price_per_kg": null,
      "price_per_l": 0.51
    },
    {
      "id": 652,
      "name": "King оферта - Супер цена - Еко Мес Салам Бургас 600 г",
      "store": "Billa",
      "price": 3.73,
      "old_price": 5.62,
      "discount_pct": 33,
      "image_url": null,
      "off_barcode": null,
      "group_id": null,
      "match_type": null,
      "match_confidence": null,
      "quantity_g": 600,
      "quantity_ml": null,
      "price_per_kg": 6.22,
      "price_per_l": null
    },
    {
      "id": 1223,
      "name": "Kit Kat",
      "store": "Kaufland",
      "price": 1.53,
      "old_price": 2.3,
      "discount_pct": 33,
      "image_url": null,
      "off_barcode": null,
      "group_id": null,
      "match_type": null,
      "match_confidence": null,
      "quantity_g": null,
      "quantity_ml": null,
      "price_per_kg": null,
      "price_per_l": null
    },
    {
      "id": 1210,
      "name": "Kit Kat chunky/ Lion",
      "store": "Kaufland",
      "price": 0.59,
      "old_price": 0.89,
      "discount_pct": 33,
      "image_url": null,
      "off_barcode": null,
      "group_id": null,
      "match_type": null,
      "match_confidence": null,
      "quantity_g": null,
      "quantity_ml": null,
      "price_per_kg": null,
      "price_per_l": null
    },
    {
      "id": 292,
      "name": "Kit Kat chunky/ Lion Десерт\nразлични вкусове",
      "store": "Kaufland",
      "price": 1.15,
      "old_price": 1.74,
      "discount_pct": 33,
      "image_url": null,
      "off_barcode": null,
      "group_id": null,
      "match_type": null,
      "match_confidence": null,
      "quantity_g": null,
      "quantity_ml": null,
      "price_per_kg": null,
      "price_per_l": null
    },
    {
      "id": 4355,
      "name": "Kit Kat Шоколад\nразлични видове",
      "store": "Kaufland",
      "price": 2.99,
      "old_price": 4.5,
      "discount_pct": 33,
      "image_url": null,
      "off_barcode": null,
      "group_id": null,
      "match_type": null,
      "match_confidence": null,
      "quantity_g": null,
      "quantity_ml": null,
      "price_per_kg": null,
      "price_per_l": null
    },
    {
      "id": 304,
      "name": "Kit Kat Шоколад\nразлични вкусове",
      "store": "Kaufland",
      "price": 2.99,
      "old_price": 4.5,
      "discount_pct": 33,
      "image_url": null,
      "off_barcode": null,
      "group_id": null,
      "match_type": null,
      "match_confidence": null,
      "quantity_g": null,
      "quantity_ml": null,
      "price_per_kg": null,
      "price_per_l": null
    },
    {
      "id": 3478,
      "name": "Lavazza Мляно кафе\nCrema E Gusto Forte",
      "store": "Kaufland",
      "price": 16.98,
      "old_price": 25.48,
      "discount_pct": 33,
      "image_url": null,
      "off_barcode": null,
      "group_id": null,
      "match_type": null,
      "match_confidence": null,
      "quantity_g": null,
      "quantity_ml": null,
      "price_per_kg": null,
      "price_per_l": null
    },
    {
      "id": 1144,
      "name": "MILKA/ OREO",
      "store": "Kaufland",
      "price": 0.61,
      "old_price": 0.92,
      "discount_pct": 33,
      "image_url": null,
      "off_barcode": null,
      "group_id": null,
      "match_type": null,
      "match_confidence": null,
      "quantity_g": null,
      "quantity_ml": null,
      "price_per_kg": null,
      "price_per_l": null
    },
    {
      "id": 226,
      "name": "MILKA/ OREO Донът\nот нашата пекарна",
      "store": "Kaufland",
      "price": 1.19,
      "old_price": 1.8,
      "discount_pct": 33,
      "image_url": null,
      "off_barcode": null,
      "group_id": null,
      "match_type": null,
      "match_confidence": null,
      "quantity_g": null,
      "quantity_ml": null,
      "price_per_kg": null,
      "price_per_l": null
    },
    {
      "id": 867,
      "name": "Medix Clean & Easy Препарат за съдове 800 мл Произход - България Продукт, маркиран със синя звезда",
      "store": "Billa",
      "price": 1.83,
      "old_price": 2.76,
      "discount_pct": 33,
      "image_url": null,
      "off_barcode": null,
      "group_id": null,
      "match_type": null,
      "match_confidence": null,
      "quantity_g": null,
      "quantity_ml": 800,
      "price_per_kg": null,
      "price_per_l": 2.29
    },
    {
      "id": 4060,
      "name": "Medix Универсален почистващ\nпрепарат, различни видове",
      "store": "Kaufland",
      "price": 2.99,
      "old_price": 4.5,
      "discount_pct": 33,
      "image_url": null,
      "off_barcode": null,
      "group_id": null,
      "match_type": null,
      "match_confidence": null,
      "quantity_g": null,
      "quantity_ml": null,
      "price_per_kg": null,
      "price_per_l": null
    },
    {
      "id": 1232,
      "name": "Melbon",
      "store": "Kaufland",
      "price": 4.08,
      "old_price": 6.13,
      "discount_pct": 33,
      "image_url": null,
      "off_barcode": null,
      "group_id": null,
      "match_type": null,
      "match_confidence": null,
      "quantity_g": null,
      "quantity_ml": null,
      "price_per_kg": null,
      "price_per_l": null
    },
    {
      "id": 4358,
      "name": "Melbon Шоколадови бонбони\nМорски фигури",
      "store": "Kaufland",
      "price": 7.98,
      "old_price": 11.99,
      "discount_pct": 33,
      "image_url": null,
      "off_barcode": null,
      "group_id": null,
      "match_type": null,
      "match_confidence": null,
      "quantity_g": null,
      "quantity_ml": null,
      "price_per_kg": null,
      "price_per_l": null
    },
    {
      "id": 311,
      "name": "Milka Шоколадови бонбони\nразлични видове",
      "store": "Kaufland",
      "price": 3.79,
      "old_price": 5.69,
      "discount_pct": 33,
      "image_url": null,
      "off_barcode": null,
      "group_id": null,
      "match_type": null,
      "match_confidence": null,
      "quantity_g": null,
      "quantity_ml": null,
      "price_per_kg": null,
      "price_per_l": null
    },
    {
      "id": 1211,
      "name": "Nestle Lion",
      "store": "Kaufland",
      "price": 0.59,
      "old_price": 0.89,
      "discount_pct": 33,
      "image_url": null,
      "off_barcode": null,
      "group_id": null,
      "match_type": null,
      "match_confidence": null,
      "quantity_g": null,
      "quantity_ml": null,
      "price_per_kg": null,
      "price_per_l": null
    },
    {
      "id": 4349,
      "name": "Nestle Lion Десерт\nразлични видове",
      "store": "Kaufland",
      "price": 1.15,
      "old_price": 1.74,
      "discount_pct": 33,
      "image_url": null,
      "off_barcode": null,
      "group_id": null,
      "match_type": null,
      "match_confidence": null,
      "quantity_g": null,
      "quantity_ml": null,
      "price_per_kg": null,
      "price_per_l": null
    },
    {
      "id": 1291,
      "name": "Nike",
      "store": "Kaufland",
      "price": 10.22,
      "old_price": 15.28,
      "discount_pct": 33,
      "image_url": null,
      "off_barcode": null,
      "group_id": null,
      "match_type": null,
      "match_confidence": null,
      "quantity_g": null,
      "quantity_ml": null,
      "price_per_kg": null,
      "price_per_l": null
    },
    {
      "id": 372,
      "name": "Nike Тоалетна вода\nразлични аромати",
      "store": "Kaufland",
      "price": 19.99,
      "old_price": 29.89,
      "discount_pct": 33,
      "image_url": null,
      "off_barcode": null,
      "group_id": null,
      "match_type": null,
      "match_confidence": null,
      "quantity_g": null,
      "quantity_ml": null,
      "price_per_kg": null,
      "price_per_l": null
    },
    {
      "id": 4382,
      "name": "Nike Тоалетна вода\nразлични видове",
      "store": "Kaufland",
      "price": 19.99,
      "old_price": 29.89,
      "discount_pct": 33,
      "image_url": null,
      "off_barcode": null,
      "group_id": null,
      "match_type": null,
      "match_confidence": null,
      "quantity_g": null,
      "quantity_ml": null,
      "price_per_kg": null,
      "price_per_l": null
    },
    {
      "id": 3665,
      "name": "Nivea Крем",
      "store": "Kaufland",
      "price": 7.98,
      "old_price": 11.99,
      "discount_pct": 33,
      "image_url": null,
      "off_barcode": null,
      "group_id": null,
      "match_type": null,
      "match_confidence": null,
      "quantity_g": null,
      "quantity_ml": null,
      "price_per_kg": null,
      "price_per_l": null
    },
    {
      "id": 3664,
      "name": "Nivea Крем, Мляко или Лосион за\nтяло",
      "store": "Kaufland",
      "price": 7.98,
      "old_price": 11.99,
      "discount_pct": 33,
      "image_url": null,
      "off_barcode": null,
      "group_id": null,
      "match_type": null,
      "match_confidence": null,
      "quantity_g": null,
      "quantity_ml": null,
      "price_per_kg": null,
      "price_per_l": null
    },
    {
      "id": 3281,
      "name": "Ocean Fish Суши Маки",
      "store": "Kaufland",
      "price": 3.99,
      "old_price": 5.98,
      "discount_pct": 33,
      "image_url": null,
      "off_barcode": null,
      "group_id": null,
      "match_type": null,
      "match_confidence": null,
      "quantity_g": null,
      "quantity_ml": null,
      "price_per_kg": null,
      "price_per_l": null
    },
    {
      "id": 556,
      "name": "PHILIPS Блендер HR260480K\n360 W",
      "store": "Kaufland",
      "price": 99.98,
      "old_price": 149.89,
      "discount_pct": 33,
      "image_url": null,
      "off_barcode": null,
      "group_id": null,
      "match_type": null,
      "match_confidence": null,
      "quantity_g": null,
      "quantity_ml": null,
      "price_per_kg": null,
      "price_per_l": null
    },
    {
      "id": 3715,
      "name": "PHILIPS Тример\nBT320614",
      "store": "Kaufland",
      "price": 39.98,
      "old_price": 59.99,
      "discount_pct": 33,
      "image_url": null,
      "off_barcode": null,
      "group_id": null,
      "match_type": null,
      "match_confidence": null,
      "quantity_g": null,
      "quantity_ml": null,
      "price_per_kg": null,
      "price_per_l": null
    },
    {
      "id": 1235,
      "name": "Suchard",
      "store": "Kaufland",
      "price": 2.55,
      "old_price": 3.83,
      "discount_pct": 33,
      "image_url": null,
      "off_barcode": null,
      "group_id": null,
      "match_type": null,
      "match_confidence": null,
      "quantity_g": null,
      "quantity_ml": null,
      "price_per_kg": null,
      "price_per_l": null
    },
    {
      "id": 316,
      "name": "Suchard Шоколадови бонбони\nразлични видове",
      "store": "Kaufland",
      "price": 4.99,
      "old_price": 7.49,
      "discount_pct": 33,
      "image_url": null,
      "off_barcode": null,
      "group_id": null,
      "match_type": null,
      "match_confidence": null,
      "quantity_g": null,
      "quantity_ml": null,
      "price_per_kg": null,
      "price_per_l": null
    },
    {
      "id": 873,
      "name": "Syoss Шампоан 750 мл Продукт, маркиран със синя звезда",
      "store": "Billa",
      "price": 5.11,
      "old_price": 7.66,
      "discount_pct": 33,
      "image_url": null,
      "off_barcode": null,
      "group_id": null,
      "match_type": null,
      "match_confidence": null,
      "quantity_g": null,
      "quantity_ml": 750,
      "price_per_kg": null,
      "price_per_l": 6.81
    },
    {
      "id": 4328,
      "name": "Tasty Еклер с шоколад",
      "store": "Kaufland",
      "price": 3.99,
      "old_price": 5.98,
      "discount_pct": 33,
      "image_url": null,
      "off_barcode": null,
      "group_id": null,
      "match_type": null,
      "match_confidence": null,
      "quantity_g": null,
      "quantity_ml": null,
      "price_per_kg": null,
      "price_per_l": null
    },
    {
      "id": 974,
      "name": "Vernada",
      "store": "Kaufland",
      "price": 1.02,
      "old_price": 1.53,
      "discount_pct": 33,
      "image_url": null,
      "off_barcode": null,
      "group_id": null,
      "match_type": null,
      "match_confidence": null,
      "quantity_g": null,
      "quantity_ml": null,
      "price_per_kg": null,
      "price_per_l": null
    },
    {
      "id": 3724,
      "name": "Vileda Комплект за почистване",
      "store": "Kaufland",
      "price": 49.99,
      "old_price": 74.99,
      "discount_pct": 33,
      "image_url": null,
      "off_barcode": null,
      "group_id": null,
      "match_type": null,
      "match_confidence": null,
      "quantity_g": null,
      "quantity_ml": null,
      "price_per_kg": null,
      "price_per_l": null
    },
    {
      "id": 3566,
      "name": "Villa Yambol Червено, Бяло вино или Розе\nразлични сортове",
      "store": "Kaufland",
      "price": 12.99,
      "old_price": 19.5,
      "discount_pct": 33,
      "image_url": null,
      "off_barcode": null,
      "group_id": null,
      "match_type": null,
      "match_confidence": null,
      "quantity_g": null,
      "quantity_ml": null,
      "price_per_kg": null,
      "price_per_l": null
    },
    {
      "id": 3146,
      "name": "Акумулаторен уред за почистване на тръби | LIDL",
      "store": "Lidl",
      "price": 99.98,
      "old_price": 150.6,
      "discount_pct": 33,
      "image_url": null,
      "off_barcode": null,
      "group_id": null,
      "match_type": null,
      "match_confidence": null,
      "quantity_g": null,
      "quantity_ml": null,
      "price_per_kg": null,
      "price_per_l": null
    },
    {
      "id": 263,
      "name": "Боровец Вафла\nразлични вкусове",
      "store": "Kaufland",
      "price": 0.45,
      "old_price": 0.68,
      "discount_pct": 33,
      "image_url": null,
      "off_barcode": null,
      "group_id": null,
      "match_type": null,
      "match_confidence": null,
      "quantity_g": null,
      "quantity_ml": null,
      "price_per_kg": null,
      "price_per_l": null
    },
    {
      "id": 275,
      "name": "Боровец Вафли\nразлични видове",
      "store": "Kaufland",
      "price": 0.45,
      "old_price": 0.68,
      "discount_pct": 33,
      "image_url": null,
      "off_barcode": null,
      "group_id": null,
      "match_type": null,
      "match_confidence": null,
      "quantity_g": null,
      "quantity_ml": null,
      "price_per_kg": null,
      "price_per_l": null
    },
    {
      "id": 4245,
      "name": "Брей! Лютеница\nразлични видове",
      "store": "Kaufland",
      "price": 9.19,
      "old_price": 13.79,
      "discount_pct": 33,
      "image_url": null,
      "off_barcode": null,
      "group_id": null,
      "match_type": null,
      "match_confidence": null,
      "quantity_g": null,
      "quantity_ml": null,
      "price_per_kg": null,
      "price_per_l": null
    },
    {
      "id": 5734,
      "name": "Бяло грозде без семки",
      "store": "Lidl",
      "price": 1.99,
      "old_price": 3.01,
      "discount_pct": 33,
      "image_url": null,
      "off_barcode": null,
      "group_id": null,
      "match_type": null,
      "match_confidence": null,
      "quantity_g": null,
      "quantity_ml": null,
      "price_per_kg": null,
      "price_per_l": null
    },
    {
      "id": 808,
      "name": "Гербери Тунквани бисквити 170 г",
      "store": "Billa",
      "price": 1.22,
      "old_price": 1.84,
      "discount_pct": 33,
      "image_url": null,
      "off_barcode": null,
      "group_id": null,
      "match_type": null,
      "match_confidence": null,
      "quantity_g": 170,
      "quantity_ml": null,
      "price_per_kg": 7.18,
      "price_per_l": null
    },
    {
      "id": 748,
      "name": "Деликатес Житница Македонска наденица От деликатесната витрина За 1 кг Продукт, маркиран със синя зв",
      "store": "Billa",
      "price": 6.15,
      "old_price": 9.2,
      "discount_pct": 33,
      "image_url": null,
      "off_barcode": null,
      "group_id": null,
      "match_type": null,
      "match_confidence": null,
      "quantity_g": 1000,
      "quantity_ml": null,
      "price_per_kg": 6.15,
      "price_per_l": null
    },
    {
      "id": 1145,
      "name": "Донът с пълнеж и бисквитки",
      "store": "Kaufland",
      "price": 0.61,
      "old_price": 0.92,
      "discount_pct": 33,
      "image_url": null,
      "off_barcode": null,
      "group_id": null,
      "match_type": null,
      "match_confidence": null,
      "quantity_g": null,
      "quantity_ml": null,
      "price_per_kg": null,
      "price_per_l": null
    },
    {
      "id": 227,
      "name": "Донът с пълнеж и бисквитки от нашата пекарна",
      "store": "Kaufland",
      "price": 1.19,
      "old_price": 1.8,
      "discount_pct": 33,
      "image_url": null,
      "off_barcode": null,
      "group_id": null,
      "match_type": null,
      "match_confidence": null,
      "quantity_g": null,
      "quantity_ml": null,
      "price_per_kg": null,
      "price_per_l": null
    },
    {
      "id": 1286,
      "name": "Загорка Специално",
      "store": "Kaufland",
      "price": 1.12,
      "old_price": 1.68,
      "discount_pct": 33,
      "image_url": null,
      "off_barcode": null,
      "group_id": null,
      "match_type": null,
      "match_confidence": null,
      "quantity_g": null,
      "quantity_ml": null,
      "price_per_kg": null,
      "price_per_l": null
    },
    {
      "id": 368,
      "name": "Загорка Специално Бира",
      "store": "Kaufland",
      "price": 2.19,
      "old_price": 3.29,
      "discount_pct": 33,
      "image_url": null,
      "off_barcode": null,
      "group_id": null,
      "match_type": null,
      "match_confidence": null,
      "quantity_g": null,
      "quantity_ml": null,
      "price_per_kg": null,
      "price_per_l": null
    },
    {
      "id": 1166,
      "name": "КРИНОС",
      "store": "Kaufland",
      "price": 4.08,
      "old_price": 6.13,
      "discount_pct": 33,
      "image_url": null,
      "off_barcode": null,
      "group_id": null,
      "match_type": null,
      "match_confidence": null,
      "quantity_g": null,
      "quantity_ml": null,
      "price_per_kg": null,
      "price_per_l": null
    },
    {
      "id": 4327,
      "name": "КРИНОС Торта Френска селска",
      "store": "Kaufland",
      "price": 7.98,
      "old_price": 11.99,
      "discount_pct": 33,
      "image_url": null,
      "off_barcode": null,
      "group_id": null,
      "match_type": null,
      "match_confidence": null,
      "quantity_g": null,
      "quantity_ml": null,
      "price_per_kg": null,
      "price_per_l": null
    },
    {
      "id": 6096,
      "name": "Кренвиршка",
      "store": "Lidl",
      "price": 4.49,
      "old_price": 6.8,
      "discount_pct": 33,
      "image_url": null,
      "off_barcode": null,
      "group_id": null,
      "match_type": null,
      "match_confidence": null,
      "quantity_g": null,
      "quantity_ml": null,
      "price_per_kg": null,
      "price_per_l": null
    },
    {
      "id": 3425,
      "name": "Кроасан с шунка и кашкавал\nот нашата пекарна",
      "store": "Kaufland",
      "price": 1.19,
      "old_price": 1.78,
      "discount_pct": 33,
      "image_url": null,
      "off_barcode": null,
      "group_id": "g_70efdf2e",
      "match_type": "name_similarity",
      "match_confidence": 0.9,
      "quantity_g": null,
      "quantity_ml": null,
      "price_per_kg": null,
      "price_per_l": null
    },
    {
      "id": 1065,
      "name": "Леки",
      "store": "Kaufland",
      "price": 5.11,
      "old_price": 7.66,
      "discount_pct": 33,
      "image_url": null,
      "off_barcode": null,
      "group_id": null,
      "match_type": null,
      "match_confidence": null,
      "quantity_g": null,
      "quantity_ml": null,
      "price_per_kg": null,
      "price_per_l": null
    },
    {
      "id": 4293,
      "name": "Леки Кренвирши от свинско месо\nот свежата витрина",
      "store": "Kaufland",
      "price": 9.99,
      "old_price": 14.98,
      "discount_pct": 33,
      "image_url": null,
      "off_barcode": null,
      "group_id": null,
      "match_type": null,
      "match_confidence": null,
      "quantity_g": null,
      "quantity_ml": null,
      "price_per_kg": null,
      "price_per_l": null
    },
    {
      "id": 1434,
      "name": "Малка градинска вила",
      "store": "Kaufland",
      "price": 0.76,
      "old_price": 1.15,
      "discount_pct": 33,
      "image_url": null,
      "off_barcode": null,
      "group_id": null,
      "match_type": null,
      "match_confidence": null,
      "quantity_g": null,
      "quantity_ml": null,
      "price_per_kg": null,
      "price_per_l": null
    },
    {
      "id": 3220,
      "name": "Мандарини",
      "store": "Kaufland",
      "price": 1.99,
      "old_price": 2.99,
      "discount_pct": 33,
      "image_url": null,
      "off_barcode": null,
      "group_id": null,
      "match_type": null,
      "match_confidence": null,
      "quantity_g": null,
      "quantity_ml": null,
      "price_per_kg": null,
      "price_per_l": null
    },
    {
      "id": 4947,
      "name": "Микровълнова фурна",
      "store": "Lidl",
      "price": 129.98,
      "old_price": 195.58,
      "discount_pct": 33,
      "image_url": null,
      "off_barcode": null,
      "group_id": null,
      "match_type": null,
      "match_confidence": null,
      "quantity_g": null,
      "quantity_ml": null,
      "price_per_kg": null,
      "price_per_l": null
    },
    {
      "id": 5762,
      "name": "Орео Донат",
      "store": "Lidl",
      "price": 0.61,
      "old_price": 0.92,
      "discount_pct": 33,
      "image_url": null,
      "off_barcode": null,
      "group_id": null,
      "match_type": null,
      "match_confidence": null,
      "quantity_g": null,
      "quantity_ml": null,
      "price_per_kg": null,
      "price_per_l": null
    },
    {
      "id": 740,
      "name": "Орехите Сушеница Добруджанска вакум 180 г",
      "store": "Billa",
      "price": 3.59,
      "old_price": 5.36,
      "discount_pct": 33,
      "image_url": null,
      "off_barcode": null,
      "group_id": null,
      "match_type": null,
      "match_confidence": null,
      "quantity_g": 180,
      "quantity_ml": null,
      "price_per_kg": 19.94,
      "price_per_l": null
    },
    {
      "id": 1461,
      "name": "ПОБЕДА ИЗГРЕВ",
      "store": "Kaufland",
      "price": 1.38,
      "old_price": 2.07,
      "discount_pct": 33,
      "image_url": null,
      "off_barcode": null,
      "group_id": null,
      "match_type": null,
      "match_confidence": null,
      "quantity_g": null,
      "quantity_ml": null,
      "price_per_kg": null,
      "price_per_l": null
    },
    {
      "id": 543,
      "name": "ПОБЕДА ИЗГРЕВ Обикновени бисквити",
      "store": "Kaufland",
      "price": 2.7,
      "old_price": 4.05,
      "discount_pct": 33,
      "image_url": null,
      "off_barcode": null,
      "group_id": null,
      "match_type": null,
      "match_confidence": null,
      "quantity_g": null,
      "quantity_ml": null,
      "price_per_kg": null,
      "price_per_l": null
    },
    {
      "id": 3514,
      "name": "Престиж Тунквани бисквити Траяна\nМакси",
      "store": "Kaufland",
      "price": 2.78,
      "old_price": 4.19,
      "discount_pct": 33,
      "image_url": null,
      "off_barcode": null,
      "group_id": null,
      "match_type": null,
      "match_confidence": null,
      "quantity_g": null,
      "quantity_ml": null,
      "price_per_kg": null,
      "price_per_l": null
    },
    {
      "id": 755,
      "name": "Само с Billa Card - Маслини Каламата Блонд 231-260* От деликатесната витрина За 1 кг",
      "store": "Billa",
      "price": 5.09,
      "old_price": 7.66,
      "discount_pct": 33,
      "image_url": null,
      "off_barcode": null,
      "group_id": null,
      "match_type": null,
      "match_confidence": null,
      "quantity_g": 1000,
      "quantity_ml": null,
      "price_per_kg": 5.09,
      "price_per_l": null
    },
    {
      "id": 547,
      "name": "Саяна Кисело мляко",
      "store": "Kaufland",
      "price": 3.6,
      "old_price": 5.4,
      "discount_pct": 33,
      "image_url": null,
      "off_barcode": null,
      "group_id": null,
      "match_type": null,
      "match_confidence": null,
      "quantity_g": null,
      "quantity_ml": null,
      "price_per_kg": null,
      "price_per_l": null
    },
    {
      "id": 3286,
      "name": "Скариди Ванамей сурови",
      "store": "Kaufland",
      "price": 19.99,
      "old_price": 29.98,
      "discount_pct": 33,
      "image_url": null,
      "off_barcode": null,
      "group_id": null,
      "match_type": null,
      "match_confidence": null,
      "quantity_g": null,
      "quantity_ml": null,
      "price_per_kg": null,
      "price_per_l": null
    },
    {
      "id": 747,
      "name": "Соколово Варено пушено филе От деликатесната витрина За 1 кг Продукт, маркиран със синя звезда",
      "store": "Billa",
      "price": 5.59,
      "old_price": 8.38,
      "discount_pct": 33,
      "image_url": null,
      "off_barcode": null,
      "group_id": null,
      "match_type": null,
      "match_confidence": null,
      "quantity_g": 1000,
      "quantity_ml": null,
      "price_per_kg": 5.59,
      "price_per_l": null
    },
    {
      "id": 914,
      "name": "Супер цена - Suchard Бонбониера 117 - 138 г",
      "store": "Billa",
      "price": 2.55,
      "old_price": 3.83,
      "discount_pct": 33,
      "image_url": null,
      "off_barcode": null,
      "group_id": null,
      "match_type": null,
      "match_confidence": null,
      "quantity_g": 138,
      "quantity_ml": null,
      "price_per_kg": 18.48,
      "price_per_l": null
    },
    {
      "id": 3334,
      "name": "Тракия Бутертесто\nзамразено",
      "store": "Kaufland",
      "price": 2.99,
      "old_price": 4.48,
      "discount_pct": 33,
      "image_url": null,
      "off_barcode": null,
      "group_id": null,
      "match_type": null,
      "match_confidence": null,
      "quantity_g": null,
      "quantity_ml": null,
      "price_per_kg": null,
      "price_per_l": null
    },
    {
      "id": 3515,
      "name": "Траяна Тунквани бисквити макси\nразлични видове",
      "store": "Kaufland",
      "price": 2.78,
      "old_price": 4.19,
      "discount_pct": 33,
      "image_url": null,
      "off_barcode": null,
      "group_id": null,
      "match_type": null,
      "match_confidence": null,
      "quantity_g": null,
      "quantity_ml": null,
      "price_per_kg": null,
      "price_per_l": null
    },
    {
      "id": 3421,
      "name": "Тутманик със сирене",
      "store": "Kaufland",
      "price": 1.78,
      "old_price": 2.68,
      "discount_pct": 33,
      "image_url": null,
      "off_barcode": null,
      "group_id": null,
      "match_type": null,
      "match_confidence": null,
      "quantity_g": null,
      "quantity_ml": null,
      "price_per_kg": null,
      "price_per_l": null
    },
    {
      "id": 3282,
      "name": "Херинга филе от витрина на самообслужване",
      "store": "Kaufland",
      "price": 8.98,
      "old_price": 13.48,
      "discount_pct": 33,
      "image_url": null,
      "off_barcode": null,
      "group_id": null,
      "match_type": null,
      "match_confidence": null,
      "quantity_g": null,
      "quantity_ml": null,
      "price_per_kg": null,
      "price_per_l": null
    },
    {
      "id": 723,
      "name": "Цаца замразена 500 г",
      "store": "Billa",
      "price": 1.12,
      "old_price": 1.68,
      "discount_pct": 33,
      "image_url": null,
      "off_barcode": null,
      "group_id": null,
      "match_type": null,
      "match_confidence": null,
      "quantity_g": 500,
      "quantity_ml": null,
      "price_per_kg": 2.24,
      "price_per_l": null
    },
    {
      "id": 1022,
      "name": "Целина стъбла",
      "store": "Kaufland",
      "price": 1.02,
      "old_price": 1.53,
      "discount_pct": 33,
      "image_url": null,
      "off_barcode": null,
      "group_id": null,
      "match_type": null,
      "match_confidence": null,
      "quantity_g": null,
      "quantity_ml": null,
      "price_per_kg": null,
      "price_per_l": null
    },
    {
      "id": 4027,
      "name": "ЧЕРНОМОРЕЦ Обикновени вафли\nс фъстъци и портокал",
      "store": "Kaufland",
      "price": 1.99,
      "old_price": 2.99,
      "discount_pct": 33,
      "image_url": null,
      "off_barcode": null,
      "group_id": null,
      "match_type": null,
      "match_confidence": null,
      "quantity_g": null,
      "quantity_ml": null,
      "price_per_kg": null,
      "price_per_l": null
    },
    {
      "id": 691,
      "name": "Чери домати Рома 250 г",
      "store": "Billa",
      "price": 1.19,
      "old_price": 1.78,
      "discount_pct": 33,
      "image_url": null,
      "off_barcode": null,
      "group_id": null,
      "match_type": null,
      "match_confidence": null,
      "quantity_g": 250,
      "quantity_ml": null,
      "price_per_kg": 4.76,
      "price_per_l": null
    },
    {
      "id": 3201,
      "name": "Ягоди",
      "store": "Kaufland",
      "price": 6.49,
      "old_price": 9.76,
      "discount_pct": 33,
      "image_url": null,
      "off_barcode": null,
      "group_id": null,
      "match_type": null,
      "match_confidence": null,
      "quantity_g": null,
      "quantity_ml": null,
      "price_per_kg": null,
      "price_per_l": null
    },
    {
      "id": 4040,
      "name": "Carlsberg Бира\n0% vol",
      "store": "Kaufland",
      "price": 1.58,
      "old_price": 2.35,
      "discount_pct": 32,
      "image_url": null,
      "off_barcode": null,
      "group_id": null,
      "match_type": null,
      "match_confidence": null,
      "quantity_g": null,
      "quantity_ml": null,
      "price_per_kg": null,
      "price_per_l": null
    },
    {
      "id": 4041,
      "name": "Carlsberg Бира\n5% vol",
      "store": "Kaufland",
      "price": 1.58,
      "old_price": 2.35,
      "discount_pct": 32,
      "image_url": null,
      "off_barcode": null,
      "group_id": null,
      "match_type": null,
      "match_confidence": null,
      "quantity_g": null,
      "quantity_ml": null,
      "price_per_kg": null,
      "price_per_l": null
    },
    {
      "id": 837,
      "name": "Coca-Cola газирана напитка 2 х 1,5 л",
      "store": "Billa",
      "price": 2.04,
      "old_price": 3.01,
      "discount_pct": 32,
      "image_url": null,
      "off_barcode": null,
      "group_id": null,
      "match_type": null,
      "match_confidence": null,
      "quantity_g": null,
      "quantity_ml": 3000,
      "price_per_kg": null,
      "price_per_l": 0.68
    },
    {
      "id": 988,
      "name": "Ferrero Rocher/ Raffaello",
      "store": "Kaufland",
      "price": 2.04,
      "old_price": 3.01,
      "discount_pct": 32,
      "image_url": null,
      "off_barcode": null,
      "group_id": null,
      "match_type": null,
      "match_confidence": null,
      "quantity_g": null,
      "quantity_ml": null,
      "price_per_kg": null,
      "price_per_l": null
    },
    {
      "id": 1207,
      "name": "Haribo",
      "store": "Kaufland",
      "price": 0.86,
      "old_price": 1.27,
      "discount_pct": 32,
      "image_url": null,
      "off_barcode": null,
      "group_id": null,
      "match_type": null,
      "match_confidence": null,
      "quantity_g": null,
      "quantity_ml": null,
      "price_per_kg": null,
      "price_per_l": null
    },
    {
      "id": 4347,
      "name": "Haribo Желирани бонбони\nразлични видове",
      "store": "Kaufland",
      "price": 1.68,
      "old_price": 2.48,
      "discount_pct": 32,
      "image_url": null,
      "off_barcode": null,
      "group_id": null,
      "match_type": null,
      "match_confidence": null,
      "quantity_g": null,
      "quantity_ml": null,
      "price_per_kg": null,
      "price_per_l": null
    },
    {
      "id": 1088,
      "name": "Jogobella",
      "store": "Kaufland",
      "price": 1.35,
      "old_price": 1.99,
      "discount_pct": 32,
      "image_url": null,
      "off_barcode": null,
      "group_id": null,
      "match_type": null,
      "match_confidence": null,
      "quantity_g": null,
      "quantity_ml": null,
      "price_per_kg": null,
      "price_per_l": null
    },
    {
      "id": 170,
      "name": "Jogobella Плодов йогурт\nразлични вкусове",
      "store": "Kaufland",
      "price": 2.64,
      "old_price": 3.89,
      "discount_pct": 32,
      "image_url": null,
      "off_barcode": null,
      "group_id": null,
      "match_type": null,
      "match_confidence": null,
      "quantity_g": null,
      "quantity_ml": null,
      "price_per_kg": null,
      "price_per_l": null
    },
    {
      "id": 5889,
      "name": "Nestle Зърнена закуска",
      "store": "Lidl",
      "price": 3.21,
      "old_price": 4.76,
      "discount_pct": 32,
      "image_url": null,
      "off_barcode": null,
      "group_id": "g_e4da3b7f",
      "match_type": "name_similarity",
      "match_confidence": 0.89,
      "quantity_g": null,
      "quantity_ml": null,
      "price_per_kg": null,
      "price_per_l": null
    },
    {
      "id": 3397,
      "name": "Nucrema Крем\nразлични видове",
      "store": "Kaufland",
      "price": 9.49,
      "old_price": 13.98,
      "discount_pct": 32,
      "image_url": null,
      "off_barcode": null,
      "group_id": null,
      "match_type": null,
      "match_confidence": null,
      "quantity_g": null,
      "quantity_ml": null,
      "price_per_kg": null,
      "price_per_l": null
    },
    {
      "id": 1038,
      "name": "Queen's Diamond",
      "store": "Kaufland",
      "price": 1.17,
      "old_price": 1.73,
      "discount_pct": 32,
      "image_url": null,
      "off_barcode": null,
      "group_id": null,
      "match_type": null,
      "match_confidence": null,
      "quantity_g": null,
      "quantity_ml": null,
      "price_per_kg": null,
      "price_per_l": null
    },
    {
      "id": 4282,
      "name": "Queen's Diamond Фурми\nбез костилка",
      "store": "Kaufland",
      "price": 2.29,
      "old_price": 3.38,
      "discount_pct": 32,
      "image_url": null,
      "off_barcode": null,
      "group_id": null,
      "match_type": null,
      "match_confidence": null,
      "quantity_g": null,
      "quantity_ml": null,
      "price_per_kg": null,
      "price_per_l": null
    },
    {
      "id": 850,
      "name": "Sangre De Toro Вино 0,75 л Сорт - Гарнача и Каринян. Произход - Испания. Температура на консумация -",
      "store": "Billa",
      "price": 9.71,
      "old_price": 14.31,
      "discount_pct": 32,
      "image_url": null,
      "off_barcode": null,
      "group_id": null,
      "match_type": null,
      "match_confidence": null,
      "quantity_g": null,
      "quantity_ml": 750,
      "price_per_kg": null,
      "price_per_l": 12.95
    },
    {
      "id": 849,
      "name": "Vina Esmeralda Вино 0,75 л Сорт - Розе. Произход - Испания. Температура на консумация - 14 - 16°C. П",
      "store": "Billa",
      "price": 9.71,
      "old_price": 14.31,
      "discount_pct": 32,
      "image_url": null,
      "off_barcode": null,
      "group_id": null,
      "match_type": null,
      "match_confidence": null,
      "quantity_g": null,
      "quantity_ml": 750,
      "price_per_kg": null,
      "price_per_l": 12.95
    },
    {
      "id": 3288,
      "name": "Weideglück Млечен десерт",
      "store": "Kaufland",
      "price": 4.99,
      "old_price": 7.39,
      "discount_pct": 32,
      "image_url": null,
      "off_barcode": null,
      "group_id": null,
      "match_type": null,
      "match_confidence": null,
      "quantity_g": null,
      "quantity_ml": null,
      "price_per_kg": null,
      "price_per_l": null
    },
    {
      "id": 4076,
      "name": "William Peel Уиски\nпромопакет",
      "store": "Kaufland",
      "price": 17.58,
      "old_price": 25.99,
      "discount_pct": 32,
      "image_url": null,
      "off_barcode": null,
      "group_id": null,
      "match_type": null,
      "match_confidence": null,
      "quantity_g": null,
      "quantity_ml": null,
      "price_per_kg": null,
      "price_per_l": null
    },
    {
      "id": 3329,
      "name": "Атлантическа мерлуза изчистена",
      "store": "Kaufland",
      "price": 5.98,
      "old_price": 8.84,
      "discount_pct": 32,
      "image_url": null,
      "off_barcode": null,
      "group_id": null,
      "match_type": null,
      "match_confidence": null,
      "quantity_g": null,
      "quantity_ml": null,
      "price_per_kg": null,
      "price_per_l": null
    },
    {
      "id": 3455,
      "name": "Кроасан с 24% масло от нашата пекарна",
      "store": "Kaufland",
      "price": 0.59,
      "old_price": 0.88,
      "discount_pct": 32,
      "image_url": null,
      "off_barcode": null,
      "group_id": null,
      "match_type": null,
      "match_confidence": null,
      "quantity_g": null,
      "quantity_ml": null,
      "price_per_kg": null,
      "price_per_l": null
    },
    {
      "id": 1127,
      "name": "Къпани кори",
      "store": "Kaufland",
      "price": 2.09,
      "old_price": 3.09,
      "discount_pct": 32,
      "image_url": null,
      "off_barcode": null,
      "group_id": null,
      "match_type": null,
      "match_confidence": null,
      "quantity_g": null,
      "quantity_ml": null,
      "price_per_kg": null,
      "price_per_l": null
    },
    {
      "id": 742,
      "name": "Мес Ко Колбас Мелник 230 г",
      "store": "Billa",
      "price": 3.09,
      "old_price": 4.6,
      "discount_pct": 32,
      "image_url": null,
      "off_barcode": null,
      "group_id": null,
      "match_type": null,
      "match_confidence": null,
      "quantity_g": 230,
      "quantity_ml": null,
      "price_per_kg": 13.43,
      "price_per_l": null
    },
    {
      "id": 1212,
      "name": "Насладки",
      "store": "Kaufland",
      "price": 0.96,
      "old_price": 1.43,
      "discount_pct": 32,
      "image_url": null,
      "off_barcode": null,
      "group_id": null,
      "match_type": null,
      "match_confidence": null,
      "quantity_g": null,
      "quantity_ml": null,
      "price_per_kg": null,
      "price_per_l": null
    },
    {
      "id": 293,
      "name": "Насладки Бисквити с пълнеж\nразлични видове",
      "store": "Kaufland",
      "price": 1.88,
      "old_price": 2.8,
      "discount_pct": 32,
      "image_url": null,
      "off_barcode": null,
      "group_id": null,
      "match_type": null,
      "match_confidence": null,
      "quantity_g": null,
      "quantity_ml": null,
      "price_per_kg": null,
      "price_per_l": null
    },
    {
      "id": 294,
      "name": "Насладки Бисквити с пълнеж\nсиня слива",
      "store": "Kaufland",
      "price": 1.88,
      "old_price": 2.8,
      "discount_pct": 32,
      "image_url": null,
      "off_barcode": null,
      "group_id": null,
      "match_type": null,
      "match_confidence": null,
      "quantity_g": null,
      "quantity_ml": null,
      "price_per_kg": null,
      "price_per_l": null
    },
    {
      "id": 1097,
      "name": "ПАСТИР",
      "store": "Kaufland",
      "price": 4.85,
      "old_price": 7.15,
      "discount_pct": 32,
      "image_url": null,
      "off_barcode": null,
      "group_id": null,
      "match_type": null,
      "match_confidence": null,
      "quantity_g": null,
      "quantity_ml": null,
      "price_per_kg": null,
      "price_per_l": null
    },
    {
      "id": 179,
      "name": "ПАСТИР Сирене\nот козе или овче мляко",
      "store": "Kaufland",
      "price": 9.49,
      "old_price": 13.98,
      "discount_pct": 32,
      "image_url": null,
      "off_barcode": null,
      "group_id": null,
      "match_type": null,
      "match_confidence": null,
      "quantity_g": null,
      "quantity_ml": null,
      "price_per_kg": null,
      "price_per_l": null
    },
    {
      "id": 6005,
      "name": "Ритуална свещ",
      "store": "Lidl",
      "price": 0.51,
      "old_price": 0.76,
      "discount_pct": 32,
      "image_url": null,
      "off_barcode": null,
      "group_id": null,
      "match_type": null,
      "match_confidence": null,
      "quantity_g": null,
      "quantity_ml": null,
      "price_per_kg": null,
      "price_per_l": null
    },
    {
      "id": 900,
      "name": "Само с Billa Card - Lenor Омекотител 65/71 пранета, 1 изпиране = 0,07 €/0,17 лв./ 65 пранета, 0,06 €",
      "store": "Billa",
      "price": 4.49,
      "old_price": 6.64,
      "discount_pct": 32,
      "image_url": null,
      "off_barcode": null,
      "group_id": null,
      "match_type": null,
      "match_confidence": null,
      "quantity_g": null,
      "quantity_ml": 170,
      "price_per_kg": null,
      "price_per_l": 26.41
    },
    {
      "id": 6116,
      "name": "Сладка царевица",
      "store": "Lidl",
      "price": 5.09,
      "old_price": 7.51,
      "discount_pct": 32,
      "image_url": null,
      "off_barcode": null,
      "group_id": null,
      "match_type": null,
      "match_confidence": null,
      "quantity_g": null,
      "quantity_ml": null,
      "price_per_kg": null,
      "price_per_l": null
    },
    {
      "id": 628,
      "name": "Сладък крем за мазане",
      "store": "Lidl",
      "price": 1.32,
      "old_price": 1.97,
      "discount_pct": 32,
      "image_url": null,
      "off_barcode": null,
      "group_id": null,
      "match_type": null,
      "match_confidence": null,
      "quantity_g": null,
      "quantity_ml": null,
      "price_per_kg": null,
      "price_per_l": null
    },
    {
      "id": 5746,
      "name": "Фермерски хляб",
      "store": "Lidl",
      "price": 0.69,
      "old_price": 1.02,
      "discount_pct": 32,
      "image_url": null,
      "off_barcode": null,
      "group_id": null,
      "match_type": null,
      "match_confidence": null,
      "quantity_g": null,
      "quantity_ml": null,
      "price_per_kg": null,
      "price_per_l": null
    },
    {
      "id": 694,
      "name": "Червен лук За 1 кг",
      "store": "Billa",
      "price": 0.79,
      "old_price": 1.17,
      "discount_pct": 32,
      "image_url": null,
      "off_barcode": null,
      "group_id": null,
      "match_type": null,
      "match_confidence": null,
      "quantity_g": 1000,
      "quantity_ml": null,
      "price_per_kg": 0.79,
      "price_per_l": null
    },
    {
      "id": 683,
      "name": "Ягоди 250 г",
      "store": "Billa",
      "price": 1.69,
      "old_price": 2.49,
      "discount_pct": 32,
      "image_url": null,
      "off_barcode": null,
      "group_id": "g_1ff1de77",
      "match_type": "name_similarity",
      "match_confidence": 1.0,
      "quantity_g": 250,
      "quantity_ml": null,
      "price_per_kg": 6.76,
      "price_per_l": null
    },
    {
      "id": 1271,
      "name": "Cappy Pulpy",
      "store": "Kaufland",
      "price": 1.02,
      "old_price": 1.48,
      "discount_pct": 31,
      "image_url": null,
      "off_barcode": null,
      "group_id": null,
      "match_type": null,
      "match_confidence": null,
      "quantity_g": null,
      "quantity_ml": null,
      "price_per_kg": null,
      "price_per_l": null
    },
    {
      "id": 348,
      "name": "Cappy Pulpy Плодова напитка\nразлични видове",
      "store": "Kaufland",
      "price": 1.99,
      "old_price": 2.89,
      "discount_pct": 31,
      "image_url": null,
      "off_barcode": null,
      "group_id": null,
      "match_type": null,
      "match_confidence": null,
      "quantity_g": null,
      "quantity_ml": null,
      "price_per_kg": null,
      "price_per_l": null
    },
    {
      "id": 3573,
      "name": "Carlsberg Бира",
      "store": "Kaufland",
      "price": 1.49,
      "old_price": 2.19,
      "discount_pct": 31,
      "image_url": null,
      "off_barcode": null,
      "group_id": null,
      "match_type": null,
      "match_confidence": null,
      "quantity_g": null,
      "quantity_ml": null,
      "price_per_kg": null,
      "price_per_l": null
    },
    {
      "id": 1379,
      "name": "Gerber",
      "store": "Kaufland",
      "price": 1.53,
      "old_price": 2.24,
      "discount_pct": 31,
      "image_url": null,
      "off_barcode": null,
      "group_id": null,
      "match_type": null,
      "match_confidence": null,
      "quantity_g": null,
      "quantity_ml": null,
      "price_per_kg": null,
      "price_per_l": null
    },
    {
      "id": 460,
      "name": "Gerber Пюре\nразлични видове",
      "store": "Kaufland",
      "price": 2.99,
      "old_price": 4.38,
      "discount_pct": 31,
      "image_url": null,
      "off_barcode": null,
      "group_id": null,
      "match_type": null,
      "match_confidence": null,
      "quantity_g": null,
      "quantity_ml": null,
      "price_per_kg": null,
      "price_per_l": null
    },
    {
      "id": 659,
      "name": "King оферта - Супер цена - Hochland крема сирене 2 х 200 г",
      "store": "Billa",
      "price": 3.83,
      "old_price": 5.57,
      "discount_pct": 31,
      "image_url": null,
      "off_barcode": null,
      "group_id": null,
      "match_type": null,
      "match_confidence": null,
      "quantity_g": 400,
      "quantity_ml": null,
      "price_per_kg": 9.57,
      "price_per_l": null
    },
    {
      "id": 648,
      "name": "King оферта - Супер цена - Lavazza Мляно кафе Crema e Gusto 2 x 250 г",
      "store": "Billa",
      "price": 9.29,
      "old_price": 13.54,
      "discount_pct": 31,
      "image_url": null,
      "off_barcode": null,
      "group_id": null,
      "match_type": null,
      "match_confidence": null,
      "quantity_g": 500,
      "quantity_ml": null,
      "price_per_kg": 18.58,
      "price_per_l": null
    },
    {
      "id": 4319,
      "name": "Krina Боб, Нахут или Леща",
      "store": "Kaufland",
      "price": 2.48,
      "old_price": 3.6,
      "discount_pct": 31,
      "image_url": null,
      "off_barcode": null,
      "group_id": null,
      "match_type": null,
      "match_confidence": null,
      "quantity_g": null,
      "quantity_ml": null,
      "price_per_kg": null,
      "price_per_l": null
    },
    {
      "id": 710,
      "name": "La Provincia Прясно пилешко филе от царевично пиле За 1 кг",
      "store": "Billa",
      "price": 7.66,
      "old_price": 11.24,
      "discount_pct": 31,
      "image_url": null,
      "off_barcode": null,
      "group_id": null,
      "match_type": null,
      "match_confidence": null,
      "quantity_g": 1000,
      "quantity_ml": null,
      "price_per_kg": 7.66,
      "price_per_l": null
    },
    {
      "id": 1298,
      "name": "Nivea Urban Skin",
      "store": "Kaufland",
      "price": 3.06,
      "old_price": 4.44,
      "discount_pct": 31,
      "image_url": null,
      "off_barcode": null,
      "group_id": null,
      "match_type": null,
      "match_confidence": null,
      "quantity_g": null,
      "quantity_ml": null,
      "price_per_kg": null,
      "price_per_l": null
    },
    {
      "id": 4388,
      "name": "Nivea Urban Skin Мицеларна вода",
      "store": "Kaufland",
      "price": 5.98,
      "old_price": 8.68,
      "discount_pct": 31,
      "image_url": null,
      "off_barcode": null,
      "group_id": null,
      "match_type": null,
      "match_confidence": null,
      "quantity_g": null,
      "quantity_ml": null,
      "price_per_kg": null,
      "price_per_l": null
    },
    {
      "id": 4391,
      "name": "Nivea Мицеларна вода",
      "store": "Kaufland",
      "price": 5.98,
      "old_price": 8.68,
      "discount_pct": 31,
      "image_url": null,
      "off_barcode": null,
      "group_id": null,
      "match_type": null,
      "match_confidence": null,
      "quantity_g": null,
      "quantity_ml": null,
      "price_per_kg": null,
      "price_per_l": null
    },
    {
      "id": 379,
      "name": "Nivea Почистващи продукти за лице\nразлични видове",
      "store": "Kaufland",
      "price": 5.98,
      "old_price": 8.68,
      "discount_pct": 31,
      "image_url": null,
      "off_barcode": null,
      "group_id": null,
      "match_type": null,
      "match_confidence": null,
      "quantity_g": null,
      "quantity_ml": null,
      "price_per_kg": null,
      "price_per_l": null
    },
    {
      "id": 3713,
      "name": "Philips Самобръсначка S1134/00",
      "store": "Kaufland",
      "price": 54.98,
      "old_price": 79.99,
      "discount_pct": 31,
      "image_url": null,
      "off_barcode": null,
      "group_id": null,
      "match_type": null,
      "match_confidence": null,
      "quantity_g": null,
      "quantity_ml": null,
      "price_per_kg": null,
      "price_per_l": null
    },
    {
      "id": 859,
      "name": "Pogues Ирландско Уиски 1 л",
      "store": "Billa",
      "price": 15.33,
      "old_price": 22.49,
      "discount_pct": 31,
      "image_url": null,
      "off_barcode": null,
      "group_id": null,
      "match_type": null,
      "match_confidence": null,
      "quantity_g": null,
      "quantity_ml": 1000,
      "price_per_kg": null,
      "price_per_l": 15.33
    },
    {
      "id": 1186,
      "name": "Salza",
      "store": "Kaufland",
      "price": 1.22,
      "old_price": 1.78,
      "discount_pct": 31,
      "image_url": null,
      "off_barcode": null,
      "group_id": null,
      "match_type": null,
      "match_confidence": null,
      "quantity_g": null,
      "quantity_ml": null,
      "price_per_kg": null,
      "price_per_l": null
    },
    {
      "id": 268,
      "name": "Salza Соленки с вкус\nразлични видове",
      "store": "Kaufland",
      "price": 2.39,
      "old_price": 3.48,
      "discount_pct": 31,
      "image_url": null,
      "off_barcode": null,
      "group_id": null,
      "match_type": null,
      "match_confidence": null,
      "quantity_g": null,
      "quantity_ml": null,
      "price_per_kg": null,
      "price_per_l": null
    },
    {
      "id": 3246,
      "name": "Snack It Кабаноси\nразлични видове",
      "store": "Kaufland",
      "price": 3.68,
      "old_price": 5.4,
      "discount_pct": 31,
      "image_url": null,
      "off_barcode": null,
      "group_id": null,
      "match_type": null,
      "match_confidence": null,
      "quantity_g": null,
      "quantity_ml": null,
      "price_per_kg": null,
      "price_per_l": null
    },
    {
      "id": 806,
      "name": "Snickers, Mars или Twix Шоколадов десерт 50 - 51 г",
      "store": "Billa",
      "price": 0.61,
      "old_price": 0.89,
      "discount_pct": 31,
      "image_url": null,
      "off_barcode": null,
      "group_id": null,
      "match_type": null,
      "match_confidence": null,
      "quantity_g": 51,
      "quantity_ml": null,
      "price_per_kg": 11.96,
      "price_per_l": null
    },
    {
      "id": 1472,
      "name": "William Peel",
      "store": "Kaufland",
      "price": 9.45,
      "old_price": 13.8,
      "discount_pct": 31,
      "image_url": null,
      "off_barcode": null,
      "group_id": null,
      "match_type": null,
      "match_confidence": null,
      "quantity_g": null,
      "quantity_ml": null,
      "price_per_kg": null,
      "price_per_l": null
    },
    {
      "id": 554,
      "name": "William Peel Шотландско уиски\n40% vol",
      "store": "Kaufland",
      "price": 18.48,
      "old_price": 26.99,
      "discount_pct": 31,
      "image_url": null,
      "off_barcode": null,
      "group_id": "g_c20ad4d7",
      "match_type": "name_similarity",
      "match_confidence": 0.76,
      "quantity_g": null,
      "quantity_ml": null,
      "price_per_kg": null,
      "price_per_l": null
    },
    {
      "id": 4241,
      "name": "Yoocy Плодова напитка\nразлични видове",
      "store": "Kaufland",
      "price": 1.99,
      "old_price": 2.89,
      "discount_pct": 31,
      "image_url": null,
      "off_barcode": null,
      "group_id": null,
      "match_type": null,
      "match_confidence": null,
      "quantity_g": null,
      "quantity_ml": null,
      "price_per_kg": null,
      "price_per_l": null
    },
    {
      "id": 1107,
      "name": "Алфатар",
      "store": "Kaufland",
      "price": 2.04,
      "old_price": 2.96,
      "discount_pct": 31,
      "image_url": null,
      "off_barcode": null,
      "group_id": null,
      "match_type": null,
      "match_confidence": null,
      "quantity_g": null,
      "quantity_ml": null,
      "price_per_kg": null,
      "price_per_l": null
    },
    {
      "id": 4306,
      "name": "Алфатар Заквасена сметана",
      "store": "Kaufland",
      "price": 3.99,
      "old_price": 5.79,
      "discount_pct": 31,
      "image_url": null,
      "off_barcode": null,
      "group_id": null,
      "match_type": null,
      "match_confidence": null,
      "quantity_g": null,
      "quantity_ml": null,
      "price_per_kg": null,
      "price_per_l": null
    },
    {
      "id": 1142,
      "name": "Багета",
      "store": "Kaufland",
      "price": 0.86,
      "old_price": 1.25,
      "discount_pct": 31,
      "image_url": null,
      "off_barcode": null,
      "group_id": null,
      "match_type": null,
      "match_confidence": null,
      "quantity_g": null,
      "quantity_ml": null,
      "price_per_kg": null,
      "price_per_l": null
    },
    {
      "id": 224,
      "name": "Багета от нашата пекарна",
      "store": "Kaufland",
      "price": 1.68,
      "old_price": 2.44,
      "discount_pct": 31,
      "image_url": null,
      "off_barcode": null,
      "group_id": null,
      "match_type": null,
      "match_confidence": null,
      "quantity_g": null,
      "quantity_ml": null,
      "price_per_kg": null,
      "price_per_l": null
    },
    {
      "id": 3169,
      "name": "Банани до 5 кг на покупка",
      "store": "Kaufland",
      "price": 2.48,
      "old_price": 3.6,
      "discount_pct": 31,
      "image_url": null,
      "off_barcode": null,
      "group_id": null,
      "match_type": null,
      "match_confidence": null,
      "quantity_g": 5000,
      "quantity_ml": null,
      "price_per_kg": 0.5,
      "price_per_l": null
    },
    {
      "id": 1057,
      "name": "Браво",
      "store": "Kaufland",
      "price": 5.11,
      "old_price": 7.51,
      "discount_pct": 31,
      "image_url": null,
      "off_barcode": null,
      "group_id": null,
      "match_type": null,
      "match_confidence": null,
      "quantity_g": null,
      "quantity_ml": null,
      "price_per_kg": null,
      "price_per_l": null
    },
    {
      "id": 4288,
      "name": "Браво Дебърцини\nот свежата витрина",
      "store": "Kaufland",
      "price": 9.99,
      "old_price": 14.69,
      "discount_pct": 31,
      "image_url": null,
      "off_barcode": null,
      "group_id": null,
      "match_type": null,
      "match_confidence": null,
      "quantity_g": null,
      "quantity_ml": null,
      "price_per_kg": null,
      "price_per_l": null
    },
    {
      "id": 1068,
      "name": "Деликатес Житница",
      "store": "Kaufland",
      "price": 13.29,
      "old_price": 19.42,
      "discount_pct": 31,
      "image_url": null,
      "off_barcode": null,
      "group_id": null,
      "match_type": null,
      "match_confidence": null,
      "quantity_g": null,
      "quantity_ml": null,
      "price_per_kg": null,
      "price_per_l": null
    },
    {
      "id": 4295,
      "name": "Деликатес Житница Тракийска луканка\nот свежата витрина",
      "store": "Kaufland",
      "price": 25.99,
      "old_price": 37.98,
      "discount_pct": 31,
      "image_url": null,
      "off_barcode": null,
      "group_id": null,
      "match_type": null,
      "match_confidence": null,
      "quantity_g": null,
      "quantity_ml": null,
      "price_per_kg": null,
      "price_per_l": null
    },
    {
      "id": 3381,
      "name": "Корнишони стерилизирани",
      "store": "Kaufland",
      "price": 1.99,
      "old_price": 2.89,
      "discount_pct": 31,
      "image_url": null,
      "off_barcode": null,
      "group_id": null,
      "match_type": null,
      "match_confidence": null,
      "quantity_g": null,
      "quantity_ml": null,
      "price_per_kg": null,
      "price_per_l": null
    },
    {
      "id": 3342,
      "name": "Костадинов Свински кюфтенца",
      "store": "Kaufland",
      "price": 10.99,
      "old_price": 16.0,
      "discount_pct": 31,
      "image_url": null,
      "off_barcode": null,
      "group_id": null,
      "match_type": null,
      "match_confidence": null,
      "quantity_g": null,
      "quantity_ml": null,
      "price_per_kg": null,
      "price_per_l": null
    },
    {
      "id": 1475,
      "name": "Краставици",
      "store": "Kaufland",
      "price": 2.45,
      "old_price": 3.57,
      "discount_pct": 31,
      "image_url": null,
      "off_barcode": null,
      "group_id": null,
      "match_type": null,
      "match_confidence": null,
      "quantity_g": null,
      "quantity_ml": null,
      "price_per_kg": null,
      "price_per_l": null
    },
    {
      "id": 4745,
      "name": "Краставици кг",
      "store": "Kaufland",
      "price": 4.79,
      "old_price": 6.98,
      "discount_pct": 31,
      "image_url": null,
      "off_barcode": null,
      "group_id": null,
      "match_type": null,
      "match_confidence": null,
      "quantity_g": null,
      "quantity_ml": null,
      "price_per_kg": null,
      "price_per_l": null
    },
    {
      "id": 1203,
      "name": "МИРАЖ",
      "store": "Kaufland",
      "price": 1.53,
      "old_price": 2.24,
      "discount_pct": 31,
      "image_url": null,
      "off_barcode": null,
      "group_id": null,
      "match_type": null,
      "match_confidence": null,
      "quantity_g": null,
      "quantity_ml": null,
      "price_per_kg": null,
      "price_per_l": null
    },
    {
      "id": 285,
      "name": "МИРАЖ Тунквани бисквити Макси",
      "store": "Kaufland",
      "price": 2.99,
      "old_price": 4.38,
      "discount_pct": 31,
      "image_url": null,
      "off_barcode": null,
      "group_id": null,
      "match_type": null,
      "match_confidence": null,
      "quantity_g": null,
      "quantity_ml": null,
      "price_per_kg": null,
      "price_per_l": null
    },
    {
      "id": 152,
      "name": "Мегдана Колбас\nразлични видове",
      "store": "Kaufland",
      "price": 4.99,
      "old_price": 7.28,
      "discount_pct": 31,
      "image_url": null,
      "off_barcode": null,
      "group_id": null,
      "match_type": null,
      "match_confidence": null,
      "quantity_g": null,
      "quantity_ml": null,
      "price_per_kg": null,
      "price_per_l": null
    },
    {
      "id": 1216,
      "name": "Ная",
      "store": "Kaufland",
      "price": 2.8,
      "old_price": 4.09,
      "discount_pct": 31,
      "image_url": null,
      "off_barcode": null,
      "group_id": null,
      "match_type": null,
      "match_confidence": null,
      "quantity_g": null,
      "quantity_ml": null,
      "price_per_kg": null,
      "price_per_l": null
    },
    {
      "id": 4352,
      "name": "Ная Вафли\nразлични вкусове",
      "store": "Kaufland",
      "price": 5.48,
      "old_price": 8.0,
      "discount_pct": 31,
      "image_url": null,
      "off_barcode": null,
      "group_id": null,
      "match_type": null,
      "match_confidence": null,
      "quantity_g": null,
      "quantity_ml": null,
      "price_per_kg": null,
      "price_per_l": null
    },
    {
      "id": 3445,
      "name": "Олинеза Лютеница\nизбрани видове",
      "store": "Kaufland",
      "price": 2.68,
      "old_price": 3.89,
      "discount_pct": 31,
      "image_url": null,
      "off_barcode": null,
      "group_id": null,
      "match_type": null,
      "match_confidence": null,
      "quantity_g": null,
      "quantity_ml": null,
      "price_per_kg": null,
      "price_per_l": null
    },
    {
      "id": 3446,
      "name": "Олинеза Лютеница\\nизбрани видове",
      "store": "Kaufland",
      "price": 2.68,
      "old_price": 3.89,
      "discount_pct": 31,
      "image_url": null,
      "off_barcode": null,
      "group_id": null,
      "match_type": null,
      "match_confidence": null,
      "quantity_g": null,
      "quantity_ml": null,
      "price_per_kg": null,
      "price_per_l": null
    },
    {
      "id": 967,
      "name": "Победа",
      "store": "Kaufland",
      "price": 0.91,
      "old_price": 1.32,
      "discount_pct": 31,
      "image_url": null,
      "off_barcode": null,
      "group_id": null,
      "match_type": null,
      "match_confidence": null,
      "quantity_g": null,
      "quantity_ml": null,
      "price_per_kg": null,
      "price_per_l": null
    },
    {
      "id": 636,
      "name": "Помело",
      "store": "Lidl",
      "price": 0.35,
      "old_price": 0.51,
      "discount_pct": 31,
      "image_url": null,
      "off_barcode": null,
      "group_id": null,
      "match_type": null,
      "match_confidence": null,
      "quantity_g": null,
      "quantity_ml": null,
      "price_per_kg": null,
      "price_per_l": null
    },
    {
      "id": 1095,
      "name": "РАФТИС",
      "store": "Kaufland",
      "price": 7.66,
      "old_price": 11.24,
      "discount_pct": 31,
      "image_url": null,
      "off_barcode": null,
      "group_id": null,
      "match_type": null,
      "match_confidence": null,
      "quantity_g": null,
      "quantity_ml": null,
      "price_per_kg": null,
      "price_per_l": null
    },
    {
      "id": 177,
      "name": "РАФТИС Кашкавал\nот краве мляко",
      "store": "Kaufland",
      "price": 14.98,
      "old_price": 21.98,
      "discount_pct": 31,
      "image_url": null,
      "off_barcode": null,
      "group_id": null,
      "match_type": null,
      "match_confidence": null,
      "quantity_g": null,
      "quantity_ml": null,
      "price_per_kg": null,
      "price_per_l": null
    },
    {
      "id": 5758,
      "name": "Ръчен хляб",
      "store": "Lidl",
      "price": 1.15,
      "old_price": 1.68,
      "discount_pct": 31,
      "image_url": null,
      "off_barcode": null,
      "group_id": null,
      "match_type": null,
      "match_confidence": null,
      "quantity_g": null,
      "quantity_ml": null,
      "price_per_kg": null,
      "price_per_l": null
    },
    {
      "id": 4312,
      "name": "Сами-М Топчета за супа",
      "store": "Kaufland",
      "price": 3.99,
      "old_price": 5.79,
      "discount_pct": 31,
      "image_url": null,
      "off_barcode": null,
      "group_id": null,
      "match_type": null,
      "match_confidence": null,
      "quantity_g": null,
      "quantity_ml": null,
      "price_per_kg": null,
      "price_per_l": null
    },
    {
      "id": 912,
      "name": "Супер цена - Billa скир 500 г",
      "store": "Billa",
      "price": 1.29,
      "old_price": 1.89,
      "discount_pct": 31,
      "image_url": null,
      "off_barcode": null,
      "group_id": null,
      "match_type": null,
      "match_confidence": null,
      "quantity_g": 500,
      "quantity_ml": null,
      "price_per_kg": 2.58,
      "price_per_l": null
    },
    {
      "id": 675,
      "name": "Супер цена - Paulaner бира мултипак 4 х 0,5 л Продукт, маркиран със синя звезда",
      "store": "Billa",
      "price": 4.6,
      "old_price": 6.72,
      "discount_pct": 31,
      "image_url": null,
      "off_barcode": null,
      "group_id": null,
      "match_type": null,
      "match_confidence": null,
      "quantity_g": null,
      "quantity_ml": 2000,
      "price_per_kg": null,
      "price_per_l": 2.3
    },
    {
      "id": 910,
      "name": "Супер цена - Бяло зеле За 1 кг",
      "store": "Billa",
      "price": 0.45,
      "old_price": 0.66,
      "discount_pct": 31,
      "image_url": null,
      "off_barcode": null,
      "group_id": null,
      "match_type": null,
      "match_confidence": null,
      "quantity_g": 1000,
      "quantity_ml": null,
      "price_per_kg": 0.45,
      "price_per_l": null
    },
    {
      "id": 1262,
      "name": "ТТ",
      "store": "Kaufland",
      "price": 11.24,
      "old_price": 16.36,
      "discount_pct": 31,
      "image_url": null,
      "off_barcode": null,
      "group_id": null,
      "match_type": null,
      "match_confidence": null,
      "quantity_g": null,
      "quantity_ml": null,
      "price_per_kg": null,
      "price_per_l": null
    },
    {
      "id": 343,
      "name": "ТТ Червено, Бяло вино или Розе\nразлични сортове",
      "store": "Kaufland",
      "price": 21.98,
      "old_price": 32.0,
      "discount_pct": 31,
      "image_url": null,
      "off_barcode": null,
      "group_id": null,
      "match_type": null,
      "match_confidence": null,
      "quantity_g": null,
      "quantity_ml": null,
      "price_per_kg": null,
      "price_per_l": null
    },
    {
      "id": 620,
      "name": "Тоалетна хартия",
      "store": "Lidl",
      "price": 0.35,
      "old_price": 0.51,
      "discount_pct": 31,
      "image_url": null,
      "off_barcode": null,
      "group_id": null,
      "match_type": null,
      "match_confidence": null,
      "quantity_g": null,
      "quantity_ml": null,
      "price_per_kg": null,
      "price_per_l": null
    },
    {
      "id": 1403,
      "name": "Торфена смес",
      "store": "Kaufland",
      "price": 2.8,
      "old_price": 4.08,
      "discount_pct": 31,
      "image_url": null,
      "off_barcode": null,
      "group_id": null,
      "match_type": null,
      "match_confidence": null,
      "quantity_g": null,
      "quantity_ml": null,
      "price_per_kg": null,
      "price_per_l": null
    },
    {
      "id": 485,
      "name": "Торфена смес за орхидеи",
      "store": "Kaufland",
      "price": 5.48,
      "old_price": 7.98,
      "discount_pct": 31,
      "image_url": null,
      "off_barcode": null,
      "group_id": null,
      "match_type": null,
      "match_confidence": null,
      "quantity_g": null,
      "quantity_ml": null,
      "price_per_kg": null,
      "price_per_l": null
    },
    {
      "id": 484,
      "name": "Торфена смес за разсади",
      "store": "Kaufland",
      "price": 5.48,
      "old_price": 7.98,
      "discount_pct": 31,
      "image_url": null,
      "off_barcode": null,
      "group_id": null,
      "match_type": null,
      "match_confidence": null,
      "quantity_g": null,
      "quantity_ml": null,
      "price_per_kg": null,
      "price_per_l": null
    },
    {
      "id": 6110,
      "name": "Френско сирене Рокфор",
      "store": "Lidl",
      "price": 2.81,
      "old_price": 4.09,
      "discount_pct": 31,
      "image_url": null,
      "off_barcode": null,
      "group_id": null,
      "match_type": null,
      "match_confidence": null,
      "quantity_g": null,
      "quantity_ml": null,
      "price_per_kg": null,
      "price_per_l": null
    },
    {
      "id": 3376,
      "name": "Хапни Салата Снежанка",
      "store": "Kaufland",
      "price": 2.05,
      "old_price": 2.99,
      "discount_pct": 31,
      "image_url": null,
      "off_barcode": null,
      "group_id": null,
      "match_type": null,
      "match_confidence": null,
      "quantity_g": null,
      "quantity_ml": null,
      "price_per_kg": null,
      "price_per_l": null
    },
    {
      "id": 3293,
      "name": "Arla Крема сирене\nразлични видове",
      "store": "Kaufland",
      "price": 3.48,
      "old_price": 4.99,
      "discount_pct": 30,
      "image_url": null,
      "off_barcode": null,
      "group_id": null,
      "match_type": null,
      "match_confidence": null,
      "quantity_g": null,
      "quantity_ml": null,
      "price_per_kg": null,
      "price_per_l": null
    },
    {
      "id": 1361,
      "name": "BACARDI",
      "store": "Kaufland",
      "price": 12.77,
      "old_price": 18.4,
      "discount_pct": 30,
      "image_url": null,
      "off_barcode": null,
      "group_id": null,
      "match_type": null,
      "match_confidence": null,
      "quantity_g": null,
      "quantity_ml": null,
      "price_per_kg": null,
      "price_per_l": null
    },
    {
      "id": 443,
      "name": "BACARDI Ром\nразлични видове",
      "store": "Kaufland",
      "price": 24.98,
      "old_price": 35.99,
      "discount_pct": 30,
      "image_url": null,
      "off_barcode": null,
      "group_id": null,
      "match_type": null,
      "match_confidence": null,
      "quantity_g": null,
      "quantity_ml": null,
      "price_per_kg": null,
      "price_per_l": null
    },
    {
      "id": 3395,
      "name": "Becel Продукт за мазане",
      "store": "Kaufland",
      "price": 3.79,
      "old_price": 5.46,
      "discount_pct": 30,
      "image_url": null,
      "off_barcode": null,
      "group_id": null,
      "match_type": null,
      "match_confidence": null,
      "quantity_g": null,
      "quantity_ml": null,
      "price_per_kg": null,
      "price_per_l": null
    },
    {
      "id": 843,
      "name": "Billa Indian tonic газирана напитка 1 л",
      "store": "Billa",
      "price": 0.71,
      "old_price": 1.02,
      "discount_pct": 30,
      "image_url": null,
      "off_barcode": null,
      "group_id": null,
      "match_type": null,
      "match_confidence": null,
      "quantity_g": null,
      "quantity_ml": 1000,
      "price_per_kg": null,
      "price_per_l": 0.71
    },
    {
      "id": 237,
      "name": "COUPLE CAKE",
      "store": "Kaufland",
      "price": 1.68,
      "old_price": 2.4,
      "discount_pct": 30,
      "image_url": null,
      "off_barcode": null,
      "group_id": null,
      "match_type": null,
      "match_confidence": null,
      "quantity_g": null,
      "quantity_ml": null,
      "price_per_kg": null,
      "price_per_l": null
    },
    {
      "id": 983,
      "name": "Durex",
      "store": "Kaufland",
      "price": 8.58,
      "old_price": 12.27,
      "discount_pct": 30,
      "image_url": null,
      "off_barcode": null,
      "group_id": null,
      "match_type": null,
      "match_confidence": null,
      "quantity_g": null,
      "quantity_ml": null,
      "price_per_kg": null,
      "price_per_l": null
    },
    {
      "id": 982,
      "name": "Durex Play",
      "store": "Kaufland",
      "price": 8.4,
      "old_price": 12.01,
      "discount_pct": 30,
      "image_url": null,
      "off_barcode": null,
      "group_id": null,
      "match_type": null,
      "match_confidence": null,
      "quantity_g": null,
      "quantity_ml": null,
      "price_per_kg": null,
      "price_per_l": null
    },
    {
      "id": 3390,
      "name": "GRAND COMMERCE Козунак\nразлични видове",
      "store": "Kaufland",
      "price": 3.48,
      "old_price": 4.99,
      "discount_pct": 30,
      "image_url": null,
      "off_barcode": null,
      "group_id": null,
      "match_type": null,
      "match_confidence": null,
      "quantity_g": null,
      "quantity_ml": null,
      "price_per_kg": null,
      "price_per_l": null
    },
    {
      "id": 1282,
      "name": "Gourmandise Mediterranee IGP",
      "store": "Kaufland",
      "price": 8.17,
      "old_price": 11.75,
      "discount_pct": 30,
      "image_url": null,
      "off_barcode": null,
      "group_id": null,
      "match_type": null,
      "match_confidence": null,
      "quantity_g": null,
      "quantity_ml": null,
      "price_per_kg": null,
      "price_per_l": null
    },
    {
      "id": 364,
      "name": "Gourmandise Mediterranee IGP Бяло вино или Розе\nразлични сортове",
      "store": "Kaufland",
      "price": 15.98,
      "old_price": 22.98,
      "discount_pct": 30,
      "image_url": null,
      "off_barcode": null,
      "group_id": null,
      "match_type": null,
      "match_confidence": null,
      "quantity_g": null,
      "quantity_ml": null,
      "price_per_kg": null,
      "price_per_l": null
    },
    {
      "id": 1243,
      "name": "Jameson",
      "store": "Kaufland",
      "price": 17.33,
      "old_price": 24.95,
      "discount_pct": 30,
      "image_url": null,
      "off_barcode": null,
      "group_id": null,
      "match_type": null,
      "match_confidence": null,
      "quantity_g": null,
      "quantity_ml": null,
      "price_per_kg": null,
      "price_per_l": null
    },
    {
      "id": 325,
      "name": "Jameson Ирландско уиски",
      "store": "Kaufland",
      "price": 33.89,
      "old_price": 48.8,
      "discount_pct": 30,
      "image_url": null,
      "off_barcode": null,
      "group_id": null,
      "match_type": null,
      "match_confidence": null,
      "quantity_g": null,
      "quantity_ml": null,
      "price_per_kg": null,
      "price_per_l": null
    },
    {
      "id": 324,
      "name": "Johnnie Walker Шотландско уиски\nBlack label",
      "store": "Kaufland",
      "price": 41.99,
      "old_price": 59.99,
      "discount_pct": 30,
      "image_url": null,
      "off_barcode": null,
      "group_id": null,
      "match_type": null,
      "match_confidence": null,
      "quantity_g": null,
      "quantity_ml": null,
      "price_per_kg": null,
      "price_per_l": null
    },
    {
      "id": 653,
      "name": "King оферта - Супер цена – Деликатес Житница Варено пушен бекон XXL слайс 500 г",
      "store": "Billa",
      "price": 4.59,
      "old_price": 6.64,
      "discount_pct": 30,
      "image_url": null,
      "off_barcode": null,
      "group_id": null,
      "match_type": null,
      "match_confidence": null,
      "quantity_g": 500,
      "quantity_ml": null,
      "price_per_kg": 9.18,
      "price_per_l": null
    },
    {
      "id": 1464,
      "name": "MILKA MMMAX",
      "store": "Kaufland",
      "price": 4.64,
      "old_price": 6.64,
      "discount_pct": 30,
      "image_url": null,
      "off_barcode": null,
      "group_id": null,
      "match_type": null,
      "match_confidence": null,
      "quantity_g": null,
      "quantity_ml": null,
      "price_per_kg": null,
      "price_per_l": null
    },
    {
      "id": 3188,
      "name": "MILKA MMMAX Шоколад\nразлични видове",
      "store": "Kaufland",
      "price": 9.08,
      "old_price": 12.99,
      "discount_pct": 30,
      "image_url": null,
      "off_barcode": null,
      "group_id": null,
      "match_type": null,
      "match_confidence": null,
      "quantity_g": null,
      "quantity_ml": null,
      "price_per_kg": null,
      "price_per_l": null
    },
    {
      "id": 3189,
      "name": "MILKA MMMAX Шоколад\\nразлични видове",
      "store": "Kaufland",
      "price": 9.08,
      "old_price": 12.99,
      "discount_pct": 30,
      "image_url": null,
      "off_barcode": null,
      "group_id": null,
      "match_type": null,
      "match_confidence": null,
      "quantity_g": null,
      "quantity_ml": null,
      "price_per_kg": null,
      "price_per_l": null
    },
    {
      "id": 4727,
      "name": "MILKA Mлечен шоколад\nразлични видове",
      "store": "Kaufland",
      "price": 6.3,
      "old_price": 9.0,
      "discount_pct": 30,
      "image_url": null,
      "off_barcode": null,
      "group_id": null,
      "match_type": null,
      "match_confidence": null,
      "quantity_g": null,
      "quantity_ml": null,
      "price_per_kg": null,
      "price_per_l": null
    },
    {
      "id": 4728,
      "name": "MILKA Млечен шоколад",
      "store": "Kaufland",
      "price": 3.34,
      "old_price": 4.79,
      "discount_pct": 30,
      "image_url": null,
      "off_barcode": null,
      "group_id": null,
      "match_type": null,
      "match_confidence": null,
      "quantity_g": null,
      "quantity_ml": null,
      "price_per_kg": null,
      "price_per_l": null
    },
    {
      "id": 3442,
      "name": "Maggi Унисос",
      "store": "Kaufland",
      "price": 1.99,
      "old_price": 2.86,
      "discount_pct": 30,
      "image_url": null,
      "off_barcode": null,
      "group_id": null,
      "match_type": null,
      "match_confidence": null,
      "quantity_g": null,
      "quantity_ml": null,
      "price_per_kg": null,
      "price_per_l": null
    },
    {
      "id": 714,
      "name": "Meat Revolution Телешка кайма 400 г",
      "store": "Billa",
      "price": 3.57,
      "old_price": 5.11,
      "discount_pct": 30,
      "image_url": null,
      "off_barcode": null,
      "group_id": null,
      "match_type": null,
      "match_confidence": null,
      "quantity_g": 400,
      "quantity_ml": null,
      "price_per_kg": 8.92,
      "price_per_l": null
    },
    {
      "id": 1013,
      "name": "Media Range",
      "store": "Kaufland",
      "price": 7.15,
      "old_price": 10.22,
      "discount_pct": 30,
      "image_url": null,
      "off_barcode": null,
      "group_id": null,
      "match_type": null,
      "match_confidence": null,
      "quantity_g": null,
      "quantity_ml": null,
      "price_per_kg": null,
      "price_per_l": null
    },
    {
      "id": 3350,
      "name": "Medina Кюнефе\nзамразено",
      "store": "Kaufland",
      "price": 8.98,
      "old_price": 12.99,
      "discount_pct": 30,
      "image_url": null,
      "off_barcode": null,
      "group_id": null,
      "match_type": null,
      "match_confidence": null,
      "quantity_g": null,
      "quantity_ml": null,
      "price_per_kg": null,
      "price_per_l": null
    },
    {
      "id": 4742,
      "name": "Milka Бисквити\nChoc&Choc",
      "store": "Kaufland",
      "price": 4.11,
      "old_price": 5.89,
      "discount_pct": 30,
      "image_url": null,
      "off_barcode": null,
      "group_id": null,
      "match_type": null,
      "match_confidence": null,
      "quantity_g": null,
      "quantity_ml": null,
      "price_per_kg": null,
      "price_per_l": null
    },
    {
      "id": 4732,
      "name": "Milka Бисквити\nChocominis",
      "store": "Kaufland",
      "price": 2.78,
      "old_price": 3.99,
      "discount_pct": 30,
      "image_url": null,
      "off_barcode": null,
      "group_id": null,
      "match_type": null,
      "match_confidence": null,
      "quantity_g": null,
      "quantity_ml": null,
      "price_per_kg": null,
      "price_per_l": null
    },
    {
      "id": 4741,
      "name": "Milka Бисквити\nизбрани видове",
      "store": "Kaufland",
      "price": 4.11,
      "old_price": 5.89,
      "discount_pct": 30,
      "image_url": null,
      "off_barcode": null,
      "group_id": null,
      "match_type": null,
      "match_confidence": null,
      "quantity_g": null,
      "quantity_ml": null,
      "price_per_kg": null,
      "price_per_l": null
    },
    {
      "id": 4733,
      "name": "Milka Бисквити\nразлични видове",
      "store": "Kaufland",
      "price": 2.78,
      "old_price": 3.99,
      "discount_pct": 30,
      "image_url": null,
      "off_barcode": null,
      "group_id": null,
      "match_type": null,
      "match_confidence": null,
      "quantity_g": null,
      "quantity_ml": null,
      "price_per_kg": null,
      "price_per_l": null
    },
    {
      "id": 4740,
      "name": "Milka Бисквити Cookies Sensations\nразлични видове",
      "store": "Kaufland",
      "price": 4.11,
      "old_price": 5.89,
      "discount_pct": 30,
      "image_url": null,
      "off_barcode": null,
      "group_id": null,
      "match_type": null,
      "match_confidence": null,
      "quantity_g": null,
      "quantity_ml": null,
      "price_per_kg": null,
      "price_per_l": null
    },
    {
      "id": 3192,
      "name": "Milka Бисквити или Пръчици\nизбрани видове",
      "store": "Kaufland",
      "price": 2.78,
      "old_price": 3.99,
      "discount_pct": 30,
      "image_url": null,
      "off_barcode": null,
      "group_id": null,
      "match_type": null,
      "match_confidence": null,
      "quantity_g": null,
      "quantity_ml": null,
      "price_per_kg": null,
      "price_per_l": null
    },
    {
      "id": 3191,
      "name": "Milka Бисквити\\nразлични видове",
      "store": "Kaufland",
      "price": 4.11,
      "old_price": 5.89,
      "discount_pct": 30,
      "image_url": null,
      "off_barcode": null,
      "group_id": null,
      "match_type": null,
      "match_confidence": null,
      "quantity_g": null,
      "quantity_ml": null,
      "price_per_kg": null,
      "price_per_l": null
    },
    {
      "id": 4735,
      "name": "Milka Млечен шоколад\nмалина",
      "store": "Kaufland",
      "price": 3.34,
      "old_price": 4.79,
      "discount_pct": 30,
      "image_url": null,
      "off_barcode": null,
      "group_id": null,
      "match_type": null,
      "match_confidence": null,
      "quantity_g": null,
      "quantity_ml": null,
      "price_per_kg": null,
      "price_per_l": null
    },
    {
      "id": 545,
      "name": "Milka Млечен шоколад\nразлични вкусове",
      "store": "Kaufland",
      "price": 9.08,
      "old_price": 12.99,
      "discount_pct": 30,
      "image_url": null,
      "off_barcode": null,
      "group_id": null,
      "match_type": null,
      "match_confidence": null,
      "quantity_g": null,
      "quantity_ml": null,
      "price_per_kg": null,
      "price_per_l": null
    },
    {
      "id": 4739,
      "name": "Milka Шоколад",
      "store": "Kaufland",
      "price": 9.08,
      "old_price": 12.99,
      "discount_pct": 30,
      "image_url": null,
      "off_barcode": null,
      "group_id": null,
      "match_type": null,
      "match_confidence": null,
      "quantity_g": null,
      "quantity_ml": null,
      "price_per_kg": null,
      "price_per_l": null
    },
    {
      "id": 546,
      "name": "Milka Шоколад\nизбрани видове",
      "store": "Kaufland",
      "price": 3.34,
      "old_price": 4.79,
      "discount_pct": 30,
      "image_url": null,
      "off_barcode": null,
      "group_id": null,
      "match_type": null,
      "match_confidence": null,
      "quantity_g": null,
      "quantity_ml": null,
      "price_per_kg": null,
      "price_per_l": null
    },
    {
      "id": 4724,
      "name": "Milka Шоколад\nразлични видове",
      "store": "Kaufland",
      "price": 1.72,
      "old_price": 2.48,
      "discount_pct": 30,
      "image_url": null,
      "off_barcode": null,
      "group_id": null,
      "match_type": null,
      "match_confidence": null,
      "quantity_g": null,
      "quantity_ml": null,
      "price_per_kg": null,
      "price_per_l": null
    },
    {
      "id": 4730,
      "name": "Milka Шоколад\nразлични вкусове",
      "store": "Kaufland",
      "price": 3.48,
      "old_price": 4.99,
      "discount_pct": 30,
      "image_url": null,
      "off_barcode": null,
      "group_id": null,
      "match_type": null,
      "match_confidence": null,
      "quantity_g": null,
      "quantity_ml": null,
      "price_per_kg": null,
      "price_per_l": null
    },
    {
      "id": 3187,
      "name": "Milka Шоколад\\nразлични видове",
      "store": "Kaufland",
      "price": 3.48,
      "old_price": 4.99,
      "discount_pct": 30,
      "image_url": null,
      "off_barcode": null,
      "group_id": null,
      "match_type": null,
      "match_confidence": null,
      "quantity_g": null,
      "quantity_ml": null,
      "price_per_kg": null,
      "price_per_l": null
    },
    {
      "id": 1189,
      "name": "Nestle",
      "store": "Kaufland",
      "price": 3.21,
      "old_price": 4.6,
      "discount_pct": 30,
      "image_url": null,
      "off_barcode": null,
      "group_id": null,
      "match_type": null,
      "match_confidence": null,
      "quantity_g": null,
      "quantity_ml": null,
      "price_per_kg": null,
      "price_per_l": null
    },
    {
      "id": 4334,
      "name": "Nestle Зърнена закуска\nразлични видове",
      "store": "Kaufland",
      "price": 6.28,
      "old_price": 9.0,
      "discount_pct": 30,
      "image_url": null,
      "off_barcode": null,
      "group_id": "g_e4da3b7f",
      "match_type": "name_similarity",
      "match_confidence": 0.89,
      "quantity_g": null,
      "quantity_ml": null,
      "price_per_kg": null,
      "price_per_l": null
    },
    {
      "id": 4561,
      "name": "PHILIPS Парогенератор HI5920/20",
      "store": "Kaufland",
      "price": 139.9,
      "old_price": 199.91,
      "discount_pct": 30,
      "image_url": null,
      "off_barcode": null,
      "group_id": null,
      "match_type": null,
      "match_confidence": null,
      "quantity_g": null,
      "quantity_ml": null,
      "price_per_kg": null,
      "price_per_l": null
    },
    {
      "id": 4054,
      "name": "QUALIKO Пилешко месо за дюнер\nзамразено",
      "store": "Kaufland",
      "price": 10.93,
      "old_price": 15.63,
      "discount_pct": 30,
      "image_url": null,
      "off_barcode": null,
      "group_id": null,
      "match_type": null,
      "match_confidence": null,
      "quantity_g": null,
      "quantity_ml": null,
      "price_per_kg": null,
      "price_per_l": null
    },
    {
      "id": 1134,
      "name": "Rois",
      "store": "Kaufland",
      "price": 1.42,
      "old_price": 2.04,
      "discount_pct": 30,
      "image_url": null,
      "off_barcode": null,
      "group_id": null,
      "match_type": null,
      "match_confidence": null,
      "quantity_g": null,
      "quantity_ml": null,
      "price_per_kg": null,
      "price_per_l": null
    },
    {
      "id": 216,
      "name": "Rois Орехи\nсурови",
      "store": "Kaufland",
      "price": 2.78,
      "old_price": 3.99,
      "discount_pct": 30,
      "image_url": null,
      "off_barcode": null,
      "group_id": null,
      "match_type": null,
      "match_confidence": null,
      "quantity_g": null,
      "quantity_ml": null,
      "price_per_kg": null,
      "price_per_l": null
    },
    {
      "id": 1411,
      "name": "SAMSUNG",
      "store": "Kaufland",
      "price": 71.53,
      "old_price": 102.21,
      "discount_pct": 30,
      "image_url": null,
      "off_barcode": null,
      "group_id": null,
      "match_type": null,
      "match_confidence": null,
      "quantity_g": null,
      "quantity_ml": null,
      "price_per_kg": null,
      "price_per_l": null
    },
    {
      "id": 493,
      "name": "SAMSUNG Микровълнова фурна\nMS20A3010",
      "store": "Kaufland",
      "price": 139.9,
      "old_price": 199.91,
      "discount_pct": 30,
      "image_url": null,
      "off_barcode": null,
      "group_id": null,
      "match_type": null,
      "match_confidence": null,
      "quantity_g": null,
      "quantity_ml": null,
      "price_per_kg": null,
      "price_per_l": null
    },
    {
      "id": 1480,
      "name": "SISINNI",
      "store": "Kaufland",
      "price": 4.99,
      "old_price": 7.15,
      "discount_pct": 30,
      "image_url": null,
      "off_barcode": null,
      "group_id": null,
      "match_type": null,
      "match_confidence": null,
      "quantity_g": null,
      "quantity_ml": null,
      "price_per_kg": null,
      "price_per_l": null
    },
    {
      "id": 562,
      "name": "SISINNI Шоколадов крем\nразлични видове",
      "store": "Kaufland",
      "price": 9.76,
      "old_price": 13.98,
      "discount_pct": 30,
      "image_url": null,
      "off_barcode": null,
      "group_id": null,
      "match_type": null,
      "match_confidence": null,
      "quantity_g": null,
      "quantity_ml": null,
      "price_per_kg": null,
      "price_per_l": null
    },
    {
      "id": 853,
      "name": "Sol Vineus Виура 0,75 л Сорт - Виура. Произход - Испания. Температура на консумация - 10 - 12°C.",
      "store": "Billa",
      "price": 3.57,
      "old_price": 5.11,
      "discount_pct": 30,
      "image_url": null,
      "off_barcode": null,
      "group_id": null,
      "match_type": null,
      "match_confidence": null,
      "quantity_g": null,
      "quantity_ml": 750,
      "price_per_kg": null,
      "price_per_l": 4.76
    },
    {
      "id": 852,
      "name": "Sol Vineus Розе 0,75 л Сорт - Темпранийо-Гренаж (Гарнача). Произход - Испания. Температура на консум",
      "store": "Billa",
      "price": 3.57,
      "old_price": 5.11,
      "discount_pct": 30,
      "image_url": null,
      "off_barcode": null,
      "group_id": null,
      "match_type": null,
      "match_confidence": null,
      "quantity_g": null,
      "quantity_ml": 750,
      "price_per_kg": null,
      "price_per_l": 4.76
    },
    {
      "id": 854,
      "name": "Sol Vineus Темпранийо 0,75 л Сорт - Темпранийо. Произход - Испания. Температура на консумация - 16 -",
      "store": "Billa",
      "price": 3.57,
      "old_price": 5.11,
      "discount_pct": 30,
      "image_url": null,
      "off_barcode": null,
      "group_id": null,
      "match_type": null,
      "match_confidence": null,
      "quantity_g": null,
      "quantity_ml": 750,
      "price_per_kg": null,
      "price_per_l": 4.76
    },
    {
      "id": 1129,
      "name": "THE CHEFS",
      "store": "Kaufland",
      "price": 4.59,
      "old_price": 6.64,
      "discount_pct": 30,
      "image_url": null,
      "off_barcode": null,
      "group_id": null,
      "match_type": null,
      "match_confidence": null,
      "quantity_g": null,
      "quantity_ml": null,
      "price_per_kg": null,
      "price_per_l": null
    },
    {
      "id": 211,
      "name": "THE CHEFS Компот\nот белени праскови",
      "store": "Kaufland",
      "price": 8.98,
      "old_price": 12.99,
      "discount_pct": 30,
      "image_url": null,
      "off_barcode": null,
      "group_id": null,
      "match_type": null,
      "match_confidence": null,
      "quantity_g": null,
      "quantity_ml": null,
      "price_per_kg": null,
      "price_per_l": null
    },
    {
      "id": 986,
      "name": "TUBORG",
      "store": "Kaufland",
      "price": 0.56,
      "old_price": 0.81,
      "discount_pct": 30,
      "image_url": null,
      "off_barcode": null,
      "group_id": null,
      "match_type": null,
      "match_confidence": null,
      "quantity_g": null,
      "quantity_ml": null,
      "price_per_kg": null,
      "price_per_l": null
    },
    {
      "id": 3725,
      "name": "Vileda Моп PVA\nтип пеперуда",
      "store": "Kaufland",
      "price": 27.99,
      "old_price": 40.0,
      "discount_pct": 30,
      "image_url": null,
      "off_barcode": null,
      "group_id": null,
      "match_type": null,
      "match_confidence": null,
      "quantity_g": null,
      "quantity_ml": null,
      "price_per_kg": null,
      "price_per_l": null
    },
    {
      "id": 1034,
      "name": "Ананас",
      "store": "Kaufland",
      "price": 1.78,
      "old_price": 2.55,
      "discount_pct": 30,
      "image_url": null,
      "off_barcode": null,
      "group_id": "g_34173cb3",
      "match_type": "name_similarity",
      "match_confidence": 1.0,
      "quantity_g": null,
      "quantity_ml": null,
      "price_per_kg": null,
      "price_per_l": null
    },
    {
      "id": 3221,
      "name": "Ананас Голд",
      "store": "Kaufland",
      "price": 6.98,
      "old_price": 9.99,
      "discount_pct": 30,
      "image_url": null,
      "off_barcode": null,
      "group_id": null,
      "match_type": null,
      "match_confidence": null,
      "quantity_g": null,
      "quantity_ml": null,
      "price_per_kg": null,
      "price_per_l": null
    },
    {
      "id": 116,
      "name": "Ананас Клас: I",
      "store": "Kaufland",
      "price": 3.48,
      "old_price": 4.99,
      "discount_pct": 30,
      "image_url": null,
      "off_barcode": null,
      "group_id": null,
      "match_type": null,
      "match_confidence": null,
      "quantity_g": null,
      "quantity_ml": null,
      "price_per_kg": null,
      "price_per_l": null
    },
    {
      "id": 3289,
      "name": "БЕЛЕНСКО Кисело мляко\nс каймак",
      "store": "Kaufland",
      "price": 1.39,
      "old_price": 1.99,
      "discount_pct": 30,
      "image_url": null,
      "off_barcode": null,
      "group_id": null,
      "match_type": null,
      "match_confidence": null,
      "quantity_g": null,
      "quantity_ml": null,
      "price_per_kg": null,
      "price_per_l": null
    },
    {
      "id": 969,
      "name": "БРЕЙ!",
      "store": "Kaufland",
      "price": 1.78,
      "old_price": 2.55,
      "discount_pct": 30,
      "image_url": null,
      "off_barcode": null,
      "group_id": null,
      "match_type": null,
      "match_confidence": null,
      "quantity_g": null,
      "quantity_ml": null,
      "price_per_kg": null,
      "price_per_l": null
    },
    {
      "id": 6146,
      "name": "Грана Падано",
      "store": "Lidl",
      "price": 3.57,
      "old_price": 5.11,
      "discount_pct": 30,
      "image_url": null,
      "off_barcode": null,
      "group_id": null,
      "match_type": null,
      "match_confidence": null,
      "quantity_g": null,
      "quantity_ml": null,
      "price_per_kg": null,
      "price_per_l": null
    },
    {
      "id": 3456,
      "name": "Донът с млечен шоколад",
      "store": "Kaufland",
      "price": 0.68,
      "old_price": 0.98,
      "discount_pct": 30,
      "image_url": null,
      "off_barcode": null,
      "group_id": null,
      "match_type": null,
      "match_confidence": null,
      "quantity_g": null,
      "quantity_ml": null,
      "price_per_kg": null,
      "price_per_l": null
    },
    {
      "id": 3210,
      "name": "Живкови Средиземноморска салата",
      "store": "Kaufland",
      "price": 2.99,
      "old_price": 4.28,
      "discount_pct": 30,
      "image_url": null,
      "off_barcode": null,
      "group_id": null,
      "match_type": null,
      "match_confidence": null,
      "quantity_g": null,
      "quantity_ml": null,
      "price_per_kg": null,
      "price_per_l": null
    },
    {
      "id": 3237,
      "name": "ИВЕТ Домашна пастърма\nот свежата витрина",
      "store": "Kaufland",
      "price": 29.98,
      "old_price": 42.99,
      "discount_pct": 30,
      "image_url": null,
      "off_barcode": null,
      "group_id": null,
      "match_type": null,
      "match_confidence": null,
      "quantity_g": null,
      "quantity_ml": null,
      "price_per_kg": null,
      "price_per_l": null
    },
    {
      "id": 3392,
      "name": "Ида Торта Гранела",
      "store": "Kaufland",
      "price": 13.98,
      "old_price": 19.99,
      "discount_pct": 30,
      "image_url": null,
      "off_barcode": null,
      "group_id": null,
      "match_type": null,
      "match_confidence": null,
      "quantity_g": null,
      "quantity_ml": null,
      "price_per_kg": null,
      "price_per_l": null
    },
    {
      "id": 3238,
      "name": "КЕН Кренвирши\nот свежата витрина",
      "store": "Kaufland",
      "price": 9.99,
      "old_price": 14.39,
      "discount_pct": 30,
      "image_url": null,
      "off_barcode": null,
      "group_id": null,
      "match_type": null,
      "match_confidence": null,
      "quantity_g": null,
      "quantity_ml": null,
      "price_per_kg": null,
      "price_per_l": null
    },
    {
      "id": 3389,
      "name": "Козунак със стафиди",
      "store": "Kaufland",
      "price": 3.48,
      "old_price": 4.99,
      "discount_pct": 30,
      "image_url": null,
      "off_barcode": null,
      "group_id": null,
      "match_type": null,
      "match_confidence": null,
      "quantity_g": null,
      "quantity_ml": null,
      "price_per_kg": null,
      "price_per_l": null
    },
    {
      "id": 1035,
      "name": "Круши Конференс",
      "store": "Kaufland",
      "price": 1.78,
      "old_price": 2.55,
      "discount_pct": 30,
      "image_url": null,
      "off_barcode": null,
      "group_id": null,
      "match_type": null,
      "match_confidence": null,
      "quantity_g": null,
      "quantity_ml": null,
      "price_per_kg": null,
      "price_per_l": null
    },
    {
      "id": 3222,
      "name": "Круши Лукас",
      "store": "Kaufland",
      "price": 3.48,
      "old_price": 4.99,
      "discount_pct": 30,
      "image_url": null,
      "off_barcode": null,
      "group_id": null,
      "match_type": null,
      "match_confidence": null,
      "quantity_g": null,
      "quantity_ml": null,
      "price_per_kg": null,
      "price_per_l": null
    },
    {
      "id": 257,
      "name": "Олинеза Майонеза\nза салати",
      "store": "Kaufland",
      "price": 6.98,
      "old_price": 9.99,
      "discount_pct": 30,
      "image_url": null,
      "off_barcode": null,
      "group_id": null,
      "match_type": null,
      "match_confidence": null,
      "quantity_g": null,
      "quantity_ml": null,
      "price_per_kg": null,
      "price_per_l": null
    },
    {
      "id": 5739,
      "name": "Печурки",
      "store": "Lidl",
      "price": 1.78,
      "old_price": 2.55,
      "discount_pct": 30,
      "image_url": null,
      "off_barcode": null,
      "group_id": null,
      "match_type": null,
      "match_confidence": null,
      "quantity_g": null,
      "quantity_ml": null,
      "price_per_kg": null,
      "price_per_l": null
    },
    {
      "id": 1251,
      "name": "Пещера",
      "store": "Kaufland",
      "price": 6.64,
      "old_price": 9.5,
      "discount_pct": 30,
      "image_url": null,
      "off_barcode": null,
      "group_id": null,
      "match_type": null,
      "match_confidence": null,
      "quantity_g": null,
      "quantity_ml": null,
      "price_per_kg": null,
      "price_per_l": null
    },
    {
      "id": 4362,
      "name": "Пещера Мастика",
      "store": "Kaufland",
      "price": 12.99,
      "old_price": 18.58,
      "discount_pct": 30,
      "image_url": null,
      "off_barcode": null,
      "group_id": null,
      "match_type": null,
      "match_confidence": null,
      "quantity_g": null,
      "quantity_ml": null,
      "price_per_kg": null,
      "price_per_l": null
    },
    {
      "id": 1185,
      "name": "Роден край",
      "store": "Kaufland",
      "price": 1.07,
      "old_price": 1.53,
      "discount_pct": 30,
      "image_url": null,
      "off_barcode": null,
      "group_id": null,
      "match_type": null,
      "match_confidence": null,
      "quantity_g": null,
      "quantity_ml": null,
      "price_per_kg": null,
      "price_per_l": null
    },
    {
      "id": 264,
      "name": "Роден край Суха паста",
      "store": "Kaufland",
      "price": 2.09,
      "old_price": 2.99,
      "discount_pct": 30,
      "image_url": null,
      "off_barcode": null,
      "group_id": null,
      "match_type": null,
      "match_confidence": null,
      "quantity_g": null,
      "quantity_ml": null,
      "price_per_kg": null,
      "price_per_l": null
    },
    {
      "id": 3346,
      "name": "Рулца от сурими замразени",
      "store": "Kaufland",
      "price": 1.86,
      "old_price": 2.68,
      "discount_pct": 30,
      "image_url": null,
      "off_barcode": null,
      "group_id": null,
      "match_type": null,
      "match_confidence": null,
      "quantity_g": null,
      "quantity_ml": null,
      "price_per_kg": null,
      "price_per_l": null
    },
    {
      "id": 790,
      "name": "Само с Billa App - Billa Лютеница финосмляна 310 г",
      "store": "Billa",
      "price": 1.38,
      "old_price": 1.99,
      "discount_pct": 30,
      "image_url": null,
      "off_barcode": null,
      "group_id": null,
      "match_type": null,
      "match_confidence": null,
      "quantity_g": 310,
      "quantity_ml": null,
      "price_per_kg": 4.45,
      "price_per_l": null
    },
    {
      "id": 792,
      "name": "Само с Billa App - Престиж Тунквани бисквити 300 г",
      "store": "Billa",
      "price": 1.78,
      "old_price": 2.55,
      "discount_pct": 30,
      "image_url": null,
      "off_barcode": null,
      "group_id": null,
      "match_type": null,
      "match_confidence": null,
      "quantity_g": 300,
      "quantity_ml": null,
      "price_per_kg": 5.93,
      "price_per_l": null
    },
    {
      "id": 6111,
      "name": "Сира",
      "store": "Lidl",
      "price": 2.23,
      "old_price": 3.19,
      "discount_pct": 30,
      "image_url": null,
      "off_barcode": null,
      "group_id": null,
      "match_type": null,
      "match_confidence": null,
      "quantity_g": null,
      "quantity_ml": null,
      "price_per_kg": null,
      "price_per_l": null
    },
    {
      "id": 861,
      "name": "Сунгурларска Ракия отлежала 0,7 л Произход - България",
      "store": "Billa",
      "price": 7.41,
      "old_price": 10.71,
      "discount_pct": 30,
      "image_url": null,
      "off_barcode": null,
      "group_id": null,
      "match_type": null,
      "match_confidence": null,
      "quantity_g": null,
      "quantity_ml": 700,
      "price_per_kg": null,
      "price_per_l": 10.59
    },
    {
      "id": 679,
      "name": "Супер цена - Mon Ami Суха храна за кучета с говеждо 10 кг Продукт, маркиран със синя звезда",
      "store": "Billa",
      "price": 7.15,
      "old_price": 10.22,
      "discount_pct": 30,
      "image_url": null,
      "off_barcode": null,
      "group_id": null,
      "match_type": null,
      "match_confidence": null,
      "quantity_g": 10000,
      "quantity_ml": null,
      "price_per_kg": 0.72,
      "price_per_l": null
    },
    {
      "id": 906,
      "name": "Супер цена - Печено пиле От топлата витрина 1 бр. Billa Ready",
      "store": "Billa",
      "price": 4.99,
      "old_price": 7.15,
      "discount_pct": 30,
      "image_url": null,
      "off_barcode": null,
      "group_id": null,
      "match_type": null,
      "match_confidence": null,
      "quantity_g": null,
      "quantity_ml": null,
      "price_per_kg": null,
      "price_per_l": null
    },
    {
      "id": 1033,
      "name": "Сух чесън",
      "store": "Kaufland",
      "price": 3.57,
      "old_price": 5.11,
      "discount_pct": 30,
      "image_url": null,
      "off_barcode": null,
      "group_id": null,
      "match_type": null,
      "match_confidence": null,
      "quantity_g": null,
      "quantity_ml": null,
      "price_per_kg": null,
      "price_per_l": null
    },
    {
      "id": 4316,
      "name": "Фамилия Точени кори",
      "store": "Kaufland",
      "price": 2.99,
      "old_price": 4.28,
      "discount_pct": 30,
      "image_url": null,
      "off_barcode": null,
      "group_id": null,
      "match_type": null,
      "match_confidence": null,
      "quantity_g": null,
      "quantity_ml": null,
      "price_per_kg": null,
      "price_per_l": null
    },
    {
      "id": 775,
      "name": "Хели Тунквана вафла с халва ретро 65 г Произход - България",
      "store": "Billa",
      "price": 0.3,
      "old_price": 0.43,
      "discount_pct": 30,
      "image_url": null,
      "off_barcode": null,
      "group_id": null,
      "match_type": null,
      "match_confidence": null,
      "quantity_g": 65,
      "quantity_ml": null,
      "price_per_kg": 4.62,
      "price_per_l": null
    },
    {
      "id": 1241,
      "name": "ЯМБОЛСКА гроздова",
      "store": "Kaufland",
      "price": 9.2,
      "old_price": 13.29,
      "discount_pct": 30,
      "image_url": null,
      "off_barcode": null,
      "group_id": null,
      "match_type": null,
      "match_confidence": null,
      "quantity_g": null,
      "quantity_ml": null,
      "price_per_kg": null,
      "price_per_l": null
    },
    {
      "id": 4361,
      "name": "ЯМБОЛСКА гроздова 40% vol",
      "store": "Kaufland",
      "price": 17.99,
      "old_price": 25.99,
      "discount_pct": 30,
      "image_url": null,
      "off_barcode": null,
      "group_id": null,
      "match_type": null,
      "match_confidence": null,
      "quantity_g": null,
      "quantity_ml": null,
      "price_per_kg": null,
      "price_per_l": null
    },
    {
      "id": 847,
      "name": "Billa Меденки с глазура 200 г",
      "store": "Billa",
      "price": 0.86,
      "old_price": 1.22,
      "discount_pct": 29,
      "image_url": null,
      "off_barcode": null,
      "group_id": null,
      "match_type": null,
      "match_confidence": null,
      "quantity_g": 200,
      "quantity_ml": null,
      "price_per_kg": 4.3,
      "price_per_l": null
    },
    {
      "id": 238,
      "name": "COUPLE CAKE Кексче\nразлични вкусове",
      "store": "Kaufland",
      "price": 3.29,
      "old_price": 4.69,
      "discount_pct": 29,
      "image_url": null,
      "off_barcode": null,
      "group_id": null,
      "match_type": null,
      "match_confidence": null,
      "quantity_g": null,
      "quantity_ml": null,
      "price_per_kg": null,
      "price_per_l": null
    },
    {
      "id": 1288,
      "name": "Four Roses",
      "store": "Kaufland",
      "price": 11.24,
      "old_price": 15.84,
      "discount_pct": 29,
      "image_url": null,
      "off_barcode": null,
      "group_id": null,
      "match_type": null,
      "match_confidence": null,
      "quantity_g": null,
      "quantity_ml": null,
      "price_per_kg": null,
      "price_per_l": null
    },
    {
      "id": 4376,
      "name": "Four Roses Бърбън уиски",
      "store": "Kaufland",
      "price": 21.98,
      "old_price": 30.98,
      "discount_pct": 29,
      "image_url": null,
      "off_barcode": null,
      "group_id": null,
      "match_type": null,
      "match_confidence": null,
      "quantity_g": null,
      "quantity_ml": null,
      "price_per_kg": null,
      "price_per_l": null
    },
    {
      "id": 3469,
      "name": "Grivassini Царевичен чипс\nразлични видове",
      "store": "Kaufland",
      "price": 1.19,
      "old_price": 1.68,
      "discount_pct": 29,
      "image_url": null,
      "off_barcode": null,
      "group_id": null,
      "match_type": null,
      "match_confidence": null,
      "quantity_g": null,
      "quantity_ml": null,
      "price_per_kg": null,
      "price_per_l": null
    },
    {
      "id": 1242,
      "name": "Johnnie Walker",
      "store": "Kaufland",
      "price": 21.47,
      "old_price": 30.67,
      "discount_pct": 29,
      "image_url": null,
      "off_barcode": null,
      "group_id": null,
      "match_type": null,
      "match_confidence": null,
      "quantity_g": null,
      "quantity_ml": null,
      "price_per_kg": null,
      "price_per_l": null
    },
    {
      "id": 657,
      "name": "King оферта - Супер цена - Виенски шницел от контрафиле 760 г",
      "store": "Billa",
      "price": 5.62,
      "old_price": 8.02,
      "discount_pct": 29,
      "image_url": null,
      "off_barcode": null,
      "group_id": null,
      "match_type": null,
      "match_confidence": null,
      "quantity_g": 760,
      "quantity_ml": null,
      "price_per_kg": 7.39,
      "price_per_l": null
    },
    {
      "id": 1295,
      "name": "L'Oreal Revitalift",
      "store": "Kaufland",
      "price": 12.77,
      "old_price": 18.04,
      "discount_pct": 29,
      "image_url": null,
      "off_barcode": null,
      "group_id": null,
      "match_type": null,
      "match_confidence": null,
      "quantity_g": null,
      "quantity_ml": null,
      "price_per_kg": null,
      "price_per_l": null
    },
    {
      "id": 377,
      "name": "L'Oreal Revitalift Крем за лице\nразлични видове",
      "store": "Kaufland",
      "price": 24.98,
      "old_price": 35.28,
      "discount_pct": 29,
      "image_url": null,
      "off_barcode": null,
      "group_id": null,
      "match_type": null,
      "match_confidence": null,
      "quantity_g": null,
      "quantity_ml": null,
      "price_per_kg": null,
      "price_per_l": null
    },
    {
      "id": 1297,
      "name": "L'Oréal Revitalift",
      "store": "Kaufland",
      "price": 12.77,
      "old_price": 18.04,
      "discount_pct": 29,
      "image_url": null,
      "off_barcode": null,
      "group_id": null,
      "match_type": null,
      "match_confidence": null,
      "quantity_g": null,
      "quantity_ml": null,
      "price_per_kg": null,
      "price_per_l": null
    },
    {
      "id": 4387,
      "name": "L'Oréal Revitalift Крем за лице\nразлични видове",
      "store": "Kaufland",
      "price": 24.98,
      "old_price": 35.28,
      "discount_pct": 29,
      "image_url": null,
      "off_barcode": null,
      "group_id": null,
      "match_type": null,
      "match_confidence": null,
      "quantity_g": null,
      "quantity_ml": null,
      "price_per_kg": null,
      "price_per_l": null
    },
    {
      "id": 1296,
      "name": "LOREAL REVITALIFT",
      "store": "Kaufland",
      "price": 12.77,
      "old_price": 18.04,
      "discount_pct": 29,
      "image_url": null,
      "off_barcode": null,
      "group_id": null,
      "match_type": null,
      "match_confidence": null,
      "quantity_g": null,
      "quantity_ml": null,
      "price_per_kg": null,
      "price_per_l": null
    },
    {
      "id": 378,
      "name": "LOREAL REVITALIFT Крем за лице\nнощен",
      "store": "Kaufland",
      "price": 24.98,
      "old_price": 35.28,
      "discount_pct": 29,
      "image_url": null,
      "off_barcode": null,
      "group_id": null,
      "match_type": null,
      "match_confidence": null,
      "quantity_g": null,
      "quantity_ml": null,
      "price_per_kg": null,
      "price_per_l": null
    },
    {
      "id": 544,
      "name": "MILKA",
      "store": "Kaufland",
      "price": 3.22,
      "old_price": 4.6,
      "discount_pct": 29,
      "image_url": null,
      "off_barcode": null,
      "group_id": null,
      "match_type": null,
      "match_confidence": null,
      "quantity_g": null,
      "quantity_ml": null,
      "price_per_kg": null,
      "price_per_l": null
    },
    {
      "id": 1353,
      "name": "Magnum",
      "store": "Kaufland",
      "price": 1.68,
      "old_price": 2.38,
      "discount_pct": 29,
      "image_url": null,
      "off_barcode": null,
      "group_id": null,
      "match_type": null,
      "match_confidence": null,
      "quantity_g": null,
      "quantity_ml": null,
      "price_per_kg": null,
      "price_per_l": null
    },
    {
      "id": 1354,
      "name": "Magnum Over",
      "store": "Kaufland",
      "price": 1.68,
      "old_price": 2.38,
      "discount_pct": 29,
      "image_url": null,
      "off_barcode": null,
      "group_id": null,
      "match_type": null,
      "match_confidence": null,
      "quantity_g": null,
      "quantity_ml": null,
      "price_per_kg": null,
      "price_per_l": null
    },
    {
      "id": 436,
      "name": "Magnum Over Сладолед\nразлични вкусове",
      "store": "Kaufland",
      "price": 3.29,
      "old_price": 4.65,
      "discount_pct": 29,
      "image_url": null,
      "off_barcode": null,
      "group_id": null,
      "match_type": null,
      "match_confidence": null,
      "quantity_g": null,
      "quantity_ml": null,
      "price_per_kg": null,
      "price_per_l": null
    },
    {
      "id": 435,
      "name": "Magnum Сладолед\nразлични вкусове",
      "store": "Kaufland",
      "price": 3.29,
      "old_price": 4.65,
      "discount_pct": 29,
      "image_url": null,
      "off_barcode": null,
      "group_id": null,
      "match_type": null,
      "match_confidence": null,
      "quantity_g": null,
      "quantity_ml": null,
      "price_per_kg": null,
      "price_per_l": null
    },
    {
      "id": 302,
      "name": "Merci Шоколадови бонбони",
      "store": "Lidl",
      "price": 4.59,
      "old_price": 6.54,
      "discount_pct": 29,
      "image_url": null,
      "off_barcode": null,
      "group_id": null,
      "match_type": null,
      "match_confidence": null,
      "quantity_g": null,
      "quantity_ml": null,
      "price_per_kg": null,
      "price_per_l": null
    },
    {
      "id": 1277,
      "name": "Midalidare",
      "store": "Kaufland",
      "price": 4.85,
      "old_price": 6.9,
      "discount_pct": 29,
      "image_url": null,
      "off_barcode": null,
      "group_id": null,
      "match_type": null,
      "match_confidence": null,
      "quantity_g": null,
      "quantity_ml": null,
      "price_per_kg": null,
      "price_per_l": null
    },
    {
      "id": 359,
      "name": "Midalidare Червено, Бяло вино или Розе\nразлични сортове",
      "store": "Kaufland",
      "price": 9.49,
      "old_price": 13.5,
      "discount_pct": 29,
      "image_url": null,
      "off_barcode": null,
      "group_id": null,
      "match_type": null,
      "match_confidence": null,
      "quantity_g": null,
      "quantity_ml": null,
      "price_per_kg": null,
      "price_per_l": null
    },
    {
      "id": 3525,
      "name": "Orbit Дъвки дражета\nразлични вкусове",
      "store": "Kaufland",
      "price": 3.89,
      "old_price": 5.5,
      "discount_pct": 29,
      "image_url": null,
      "off_barcode": null,
      "group_id": null,
      "match_type": null,
      "match_confidence": null,
      "quantity_g": null,
      "quantity_ml": null,
      "price_per_kg": null,
      "price_per_l": null
    },
    {
      "id": 342,
      "name": "PIXELS",
      "store": "Kaufland",
      "price": 6.13,
      "old_price": 8.69,
      "discount_pct": 29,
      "image_url": null,
      "off_barcode": null,
      "group_id": null,
      "match_type": null,
      "match_confidence": null,
      "quantity_g": null,
      "quantity_ml": null,
      "price_per_kg": null,
      "price_per_l": null
    },
    {
      "id": 4371,
      "name": "PIXELS Червено вино\nСира",
      "store": "Kaufland",
      "price": 11.99,
      "old_price": 17.0,
      "discount_pct": 29,
      "image_url": null,
      "off_barcode": null,
      "group_id": null,
      "match_type": null,
      "match_confidence": null,
      "quantity_g": null,
      "quantity_ml": null,
      "price_per_kg": null,
      "price_per_l": null
    },
    {
      "id": 4367,
      "name": "Pixels Розе от Гренаш",
      "store": "Kaufland",
      "price": 11.99,
      "old_price": 17.0,
      "discount_pct": 29,
      "image_url": null,
      "off_barcode": null,
      "group_id": null,
      "match_type": null,
      "match_confidence": null,
      "quantity_g": null,
      "quantity_ml": null,
      "price_per_kg": null,
      "price_per_l": null
    },
    {
      "id": 4365,
      "name": "Pixels Червено, Бяло вино или Розе\nразлични сортове",
      "store": "Kaufland",
      "price": 11.99,
      "old_price": 17.0,
      "discount_pct": 29,
      "image_url": null,
      "off_barcode": null,
      "group_id": null,
      "match_type": null,
      "match_confidence": null,
      "quantity_g": null,
      "quantity_ml": null,
      "price_per_kg": null,
      "price_per_l": null
    },
    {
      "id": 1245,
      "name": "Tikves",
      "store": "Kaufland",
      "price": 12.26,
      "old_price": 17.38,
      "discount_pct": 29,
      "image_url": null,
      "off_barcode": null,
      "group_id": null,
      "match_type": null,
      "match_confidence": null,
      "quantity_g": null,
      "quantity_ml": null,
      "price_per_kg": null,
      "price_per_l": null
    },
    {
      "id": 327,
      "name": "Tikves Гроздова ракия\nZolta LR",
      "store": "Kaufland",
      "price": 23.98,
      "old_price": 33.99,
      "discount_pct": 29,
      "image_url": null,
      "off_barcode": null,
      "group_id": null,
      "match_type": null,
      "match_confidence": null,
      "quantity_g": null,
      "quantity_ml": null,
      "price_per_kg": null,
      "price_per_l": null
    },
    {
      "id": 1131,
      "name": "Veda",
      "store": "Kaufland",
      "price": 0.81,
      "old_price": 1.15,
      "discount_pct": 29,
      "image_url": null,
      "off_barcode": null,
      "group_id": null,
      "match_type": null,
      "match_confidence": null,
      "quantity_g": null,
      "quantity_ml": null,
      "price_per_kg": null,
      "price_per_l": null
    },
    {
      "id": 213,
      "name": "Veda Оцет\nразлични видове",
      "store": "Kaufland",
      "price": 1.58,
      "old_price": 2.25,
      "discount_pct": 29,
      "image_url": null,
      "off_barcode": null,
      "group_id": null,
      "match_type": null,
      "match_confidence": null,
      "quantity_g": null,
      "quantity_ml": null,
      "price_per_kg": null,
      "price_per_l": null
    },
    {
      "id": 3341,
      "name": "World of Taste Зеленчуци микс\nзамразени",
      "store": "Kaufland",
      "price": 3.48,
      "old_price": 4.95,
      "discount_pct": 29,
      "image_url": null,
      "off_barcode": null,
      "group_id": null,
      "match_type": null,
      "match_confidence": null,
      "quantity_g": null,
      "quantity_ml": null,
      "price_per_kg": null,
      "price_per_l": null
    },
    {
      "id": 3297,
      "name": "ZOTT Моцарела макси",
      "store": "Kaufland",
      "price": 3.99,
      "old_price": 5.65,
      "discount_pct": 29,
      "image_url": null,
      "off_barcode": null,
      "group_id": null,
      "match_type": null,
      "match_confidence": null,
      "quantity_g": null,
      "quantity_ml": null,
      "price_per_kg": null,
      "price_per_l": null
    },
    {
      "id": 733,
      "name": "Бейби картофи със самардала От топлата витрина За 1 кг Billa Ready",
      "store": "Billa",
      "price": 3.59,
      "old_price": 5.11,
      "discount_pct": 29,
      "image_url": null,
      "off_barcode": null,
      "group_id": null,
      "match_type": null,
      "match_confidence": null,
      "quantity_g": 1000,
      "quantity_ml": null,
      "price_per_kg": 3.59,
      "price_per_l": null
    },
    {
      "id": 146,
      "name": "Бони Шпек Сандвич\nот свежата витрина",
      "store": "Kaufland",
      "price": 18.99,
      "old_price": 26.99,
      "discount_pct": 29,
      "image_url": null,
      "off_barcode": null,
      "group_id": null,
      "match_type": null,
      "match_confidence": null,
      "quantity_g": null,
      "quantity_ml": null,
      "price_per_kg": null,
      "price_per_l": null
    },
    {
      "id": 189,
      "name": "ДИМИТЪР МАДЖАРОВ Кашкавал Златна селекция\nот краве мляко",
      "store": "Kaufland",
      "price": 10.99,
      "old_price": 15.49,
      "discount_pct": 29,
      "image_url": null,
      "off_barcode": null,
      "group_id": null,
      "match_type": null,
      "match_confidence": null,
      "quantity_g": null,
      "quantity_ml": null,
      "price_per_kg": null,
      "price_per_l": null
    },
    {
      "id": 6114,
      "name": "Зарядно устройство за акумулаторна батерия",
      "store": "Lidl",
      "price": 1.99,
      "old_price": 2.81,
      "discount_pct": 29,
      "image_url": null,
      "off_barcode": null,
      "group_id": null,
      "match_type": null,
      "match_confidence": null,
      "quantity_g": null,
      "quantity_ml": null,
      "price_per_kg": null,
      "price_per_l": null
    },
    {
      "id": 3223,
      "name": "Зелен лук",
      "store": "Kaufland",
      "price": 0.98,
      "old_price": 1.39,
      "discount_pct": 29,
      "image_url": null,
      "off_barcode": null,
      "group_id": null,
      "match_type": null,
      "match_confidence": null,
      "quantity_g": null,
      "quantity_ml": null,
      "price_per_kg": null,
      "price_per_l": null
    },
    {
      "id": 6108,
      "name": "Италианско тирамису",
      "store": "Lidl",
      "price": 1.79,
      "old_price": 2.55,
      "discount_pct": 29,
      "image_url": null,
      "off_barcode": null,
      "group_id": null,
      "match_type": null,
      "match_confidence": null,
      "quantity_g": null,
      "quantity_ml": null,
      "price_per_kg": null,
      "price_per_l": null
    },
    {
      "id": 1147,
      "name": "Кашкавалка",
      "store": "Kaufland",
      "price": 0.61,
      "old_price": 0.86,
      "discount_pct": 29,
      "image_url": null,
      "off_barcode": null,
      "group_id": null,
      "match_type": null,
      "match_confidence": null,
      "quantity_g": null,
      "quantity_ml": null,
      "price_per_kg": null,
      "price_per_l": null
    },
    {
      "id": 229,
      "name": "Кашкавалка от нашата пекарна",
      "store": "Kaufland",
      "price": 1.19,
      "old_price": 1.68,
      "discount_pct": 29,
      "image_url": null,
      "off_barcode": null,
      "group_id": null,
      "match_type": null,
      "match_confidence": null,
      "quantity_g": null,
      "quantity_ml": null,
      "price_per_kg": null,
      "price_per_l": null
    },
    {
      "id": 3199,
      "name": "Киви Клас: I",
      "store": "Kaufland",
      "price": 3.89,
      "old_price": 5.5,
      "discount_pct": 29,
      "image_url": null,
      "off_barcode": null,
      "group_id": null,
      "match_type": null,
      "match_confidence": null,
      "quantity_g": null,
      "quantity_ml": null,
      "price_per_kg": null,
      "price_per_l": null
    },
    {
      "id": 3276,
      "name": "Морски риболов-Несебър Паламуд\nкг",
      "store": "Kaufland",
      "price": 14.98,
      "old_price": 21.18,
      "discount_pct": 29,
      "image_url": null,
      "off_barcode": null,
      "group_id": null,
      "match_type": null,
      "match_confidence": null,
      "quantity_g": null,
      "quantity_ml": null,
      "price_per_kg": null,
      "price_per_l": null
    },
    {
      "id": 3244,
      "name": "Орехите Луканка\nразлични видове",
      "store": "Kaufland",
      "price": 8.49,
      "old_price": 11.99,
      "discount_pct": 29,
      "image_url": null,
      "off_barcode": null,
      "group_id": null,
      "match_type": null,
      "match_confidence": null,
      "quantity_g": null,
      "quantity_ml": null,
      "price_per_kg": null,
      "price_per_l": null
    },
    {
      "id": 858,
      "name": "Пещерска Ракия гроздова 0,7 л Произход - България",
      "store": "Billa",
      "price": 5.62,
      "old_price": 7.92,
      "discount_pct": 29,
      "image_url": null,
      "off_barcode": null,
      "group_id": null,
      "match_type": null,
      "match_confidence": null,
      "quantity_g": null,
      "quantity_ml": 700,
      "price_per_kg": null,
      "price_per_l": 8.03
    },
    {
      "id": 349,
      "name": "Пиринско Бира\n4,4% vol",
      "store": "Kaufland",
      "price": 1.15,
      "old_price": 1.64,
      "discount_pct": 29,
      "image_url": null,
      "off_barcode": null,
      "group_id": null,
      "match_type": null,
      "match_confidence": null,
      "quantity_g": null,
      "quantity_ml": null,
      "price_per_kg": null,
      "price_per_l": null
    },
    {
      "id": 5752,
      "name": "Права баница",
      "store": "Lidl",
      "price": 0.97,
      "old_price": 1.38,
      "discount_pct": 29,
      "image_url": null,
      "off_barcode": null,
      "group_id": null,
      "match_type": null,
      "match_confidence": null,
      "quantity_g": null,
      "quantity_ml": null,
      "price_per_kg": null,
      "price_per_l": null
    },
    {
      "id": 744,
      "name": "Само с Billa Card - Billa Шпеков колбас слайс 100 г",
      "store": "Billa",
      "price": 1.29,
      "old_price": 1.84,
      "discount_pct": 29,
      "image_url": null,
      "off_barcode": null,
      "group_id": null,
      "match_type": null,
      "match_confidence": null,
      "quantity_g": 100,
      "quantity_ml": null,
      "price_per_kg": 12.9,
      "price_per_l": null
    },
    {
      "id": 1197,
      "name": "Хели",
      "store": "Kaufland",
      "price": 0.28,
      "old_price": 0.4,
      "discount_pct": 29,
      "image_url": null,
      "off_barcode": null,
      "group_id": null,
      "match_type": null,
      "match_confidence": null,
      "quantity_g": null,
      "quantity_ml": null,
      "price_per_kg": null,
      "price_per_l": null
    },
    {
      "id": 278,
      "name": "Хели Вафла Ретро\nизбрани видове",
      "store": "Kaufland",
      "price": 0.55,
      "old_price": 0.78,
      "discount_pct": 29,
      "image_url": null,
      "off_barcode": null,
      "group_id": null,
      "match_type": null,
      "match_confidence": null,
      "quantity_g": null,
      "quantity_ml": null,
      "price_per_kg": null,
      "price_per_l": null
    },
    {
      "id": 4340,
      "name": "Хели Ретро вафла\nизбрани видове",
      "store": "Kaufland",
      "price": 0.55,
      "old_price": 0.78,
      "discount_pct": 29,
      "image_url": null,
      "off_barcode": null,
      "group_id": null,
      "match_type": null,
      "match_confidence": null,
      "quantity_g": null,
      "quantity_ml": null,
      "price_per_kg": null,
      "price_per_l": null
    },
    {
      "id": 3426,
      "name": "Хотдог от нашата пекарна",
      "store": "Kaufland",
      "price": 0.98,
      "old_price": 1.39,
      "discount_pct": 29,
      "image_url": null,
      "off_barcode": null,
      "group_id": null,
      "match_type": null,
      "match_confidence": null,
      "quantity_g": null,
      "quantity_ml": null,
      "price_per_kg": null,
      "price_per_l": null
    },
    {
      "id": 3635,
      "name": "Aquafresh Паста за зъби\nразлични видове",
      "store": "Kaufland",
      "price": 2.99,
      "old_price": 4.19,
      "discount_pct": 28,
      "image_url": null,
      "off_barcode": null,
      "group_id": null,
      "match_type": null,
      "match_confidence": null,
      "quantity_g": null,
      "quantity_ml": null,
      "price_per_kg": null,
      "price_per_l": null
    },
    {
      "id": 3634,
      "name": "Aquafresh Паста или Четка за зъби",
      "store": "Kaufland",
      "price": 2.99,
      "old_price": 4.19,
      "discount_pct": 28,
      "image_url": null,
      "off_barcode": null,
      "group_id": null,
      "match_type": null,
      "match_confidence": null,
      "quantity_g": null,
      "quantity_ml": null,
      "price_per_kg": null,
      "price_per_l": null
    },
    {
      "id": 1355,
      "name": "Ararat",
      "store": "Kaufland",
      "price": 9.2,
      "old_price": 12.78,
      "discount_pct": 28,
      "image_url": null,
      "off_barcode": null,
      "group_id": null,
      "match_type": null,
      "match_confidence": null,
      "quantity_g": null,
      "quantity_ml": null,
      "price_per_kg": null,
      "price_per_l": null
    },
    {
      "id": 437,
      "name": "Ararat Бренди",
      "store": "Kaufland",
      "price": 17.99,
      "old_price": 25.0,
      "discount_pct": 28,
      "image_url": null,
      "off_barcode": null,
      "group_id": null,
      "match_type": null,
      "match_confidence": null,
      "quantity_g": null,
      "quantity_ml": null,
      "price_per_kg": null,
      "price_per_l": null
    },
    {
      "id": 3452,
      "name": "Balcho Сусамов тахан\nразлични видове",
      "store": "Kaufland",
      "price": 4.99,
      "old_price": 6.98,
      "discount_pct": 28,
      "image_url": null,
      "off_barcode": null,
      "group_id": null,
      "match_type": null,
      "match_confidence": null,
      "quantity_g": null,
      "quantity_ml": null,
      "price_per_kg": null,
      "price_per_l": null
    },
    {
      "id": 1281,
      "name": "Cipriani",
      "store": "Kaufland",
      "price": 14.31,
      "old_price": 19.93,
      "discount_pct": 28,
      "image_url": null,
      "off_barcode": null,
      "group_id": null,
      "match_type": null,
      "match_confidence": null,
      "quantity_g": null,
      "quantity_ml": null,
      "price_per_kg": null,
      "price_per_l": null
    },
    {
      "id": 363,
      "name": "Cipriani Prosecco Brut",
      "store": "Kaufland",
      "price": 27.99,
      "old_price": 38.98,
      "discount_pct": 28,
      "image_url": null,
      "off_barcode": null,
      "group_id": null,
      "match_type": null,
      "match_confidence": null,
      "quantity_g": null,
      "quantity_ml": null,
      "price_per_kg": null,
      "price_per_l": null
    },
    {
      "id": 3453,
      "name": "DR. KESKIN Гранола\nразлични видове",
      "store": "Kaufland",
      "price": 4.99,
      "old_price": 6.98,
      "discount_pct": 28,
      "image_url": null,
      "off_barcode": null,
      "group_id": null,
      "match_type": null,
      "match_confidence": null,
      "quantity_g": null,
      "quantity_ml": null,
      "price_per_kg": null,
      "price_per_l": null
    },
    {
      "id": 1132,
      "name": "Del Alma",
      "store": "Kaufland",
      "price": 7.66,
      "old_price": 10.73,
      "discount_pct": 28,
      "image_url": null,
      "off_barcode": null,
      "group_id": null,
      "match_type": null,
      "match_confidence": null,
      "quantity_g": null,
      "quantity_ml": null,
      "price_per_kg": null,
      "price_per_l": null
    },
    {
      "id": 15,
      "name": "Del Alma Масло\nот гроздови семки",
      "store": "Kaufland",
      "price": 14.98,
      "old_price": 20.99,
      "discount_pct": 28,
      "image_url": null,
      "off_barcode": null,
      "group_id": null,
      "match_type": null,
      "match_confidence": null,
      "quantity_g": null,
      "quantity_ml": null,
      "price_per_kg": null,
      "price_per_l": null
    },
    {
      "id": 1246,
      "name": "Extra Zytnia",
      "store": "Kaufland",
      "price": 6.64,
      "old_price": 9.35,
      "discount_pct": 28,
      "image_url": null,
      "off_barcode": null,
      "group_id": null,
      "match_type": null,
      "match_confidence": null,
      "quantity_g": null,
      "quantity_ml": null,
      "price_per_kg": null,
      "price_per_l": null
    },
    {
      "id": 328,
      "name": "Extra Zytnia Водка",
      "store": "Kaufland",
      "price": 12.99,
      "old_price": 18.29,
      "discount_pct": 28,
      "image_url": null,
      "off_barcode": null,
      "group_id": null,
      "match_type": null,
      "match_confidence": null,
      "quantity_g": null,
      "quantity_ml": null,
      "price_per_kg": null,
      "price_per_l": null
    },
    {
      "id": 975,
      "name": "Friskies",
      "store": "Kaufland",
      "price": 1.27,
      "old_price": 1.78,
      "discount_pct": 28,
      "image_url": null,
      "off_barcode": null,
      "group_id": null,
      "match_type": null,
      "match_confidence": null,
      "quantity_g": null,
      "quantity_ml": null,
      "price_per_kg": null,
      "price_per_l": null
    },
    {
      "id": 191,
      "name": "HOCHLAND",
      "store": "Kaufland",
      "price": 2.55,
      "old_price": 3.57,
      "discount_pct": 28,
      "image_url": null,
      "off_barcode": null,
      "group_id": null,
      "match_type": null,
      "match_confidence": null,
      "quantity_g": null,
      "quantity_ml": null,
      "price_per_kg": null,
      "price_per_l": null
    },
    {
      "id": 4308,
      "name": "HOCHLAND Топено сирене с гауда\nPaw Patrol",
      "store": "Kaufland",
      "price": 4.99,
      "old_price": 6.98,
      "discount_pct": 28,
      "image_url": null,
      "off_barcode": null,
      "group_id": null,
      "match_type": null,
      "match_confidence": null,
      "quantity_g": null,
      "quantity_ml": null,
      "price_per_kg": null,
      "price_per_l": null
    },
    {
      "id": 1222,
      "name": "ION",
      "store": "Kaufland",
      "price": 1.83,
      "old_price": 2.55,
      "discount_pct": 28,
      "image_url": null,
      "off_barcode": null,
      "group_id": null,
      "match_type": null,
      "match_confidence": null,
      "quantity_g": null,
      "quantity_ml": null,
      "price_per_kg": null,
      "price_per_l": null
    },
    {
      "id": 1221,
      "name": "ION DARK",
      "store": "Kaufland",
      "price": 1.83,
      "old_price": 2.55,
      "discount_pct": 28,
      "image_url": null,
      "off_barcode": null,
      "group_id": null,
      "match_type": null,
      "match_confidence": null,
      "quantity_g": null,
      "quantity_ml": null,
      "price_per_kg": null,
      "price_per_l": null
    },
    {
      "id": 303,
      "name": "ION DARK Натурален шоколад\n90 г",
      "store": "Kaufland",
      "price": 3.58,
      "old_price": 4.99,
      "discount_pct": 28,
      "image_url": null,
      "off_barcode": null,
      "group_id": null,
      "match_type": null,
      "match_confidence": null,
      "quantity_g": 90,
      "quantity_ml": null,
      "price_per_kg": 39.78,
      "price_per_l": null
    },
    {
      "id": 4353,
      "name": "ION Шоколад\nразлични видове",
      "store": "Kaufland",
      "price": 3.58,
      "old_price": 4.99,
      "discount_pct": 28,
      "image_url": null,
      "off_barcode": null,
      "group_id": null,
      "match_type": null,
      "match_confidence": null,
      "quantity_g": null,
      "quantity_ml": null,
      "price_per_kg": null,
      "price_per_l": null
    },
    {
      "id": 3475,
      "name": "K-Favourites Mляно кафе\nразлични видове",
      "store": "Kaufland",
      "price": 8.98,
      "old_price": 12.48,
      "discount_pct": 28,
      "image_url": null,
      "off_barcode": null,
      "group_id": null,
      "match_type": null,
      "match_confidence": null,
      "quantity_g": null,
      "quantity_ml": null,
      "price_per_kg": null,
      "price_per_l": null
    },
    {
      "id": 3476,
      "name": "K-Favourites Мляно кафе\nразлични видове",
      "store": "Kaufland",
      "price": 8.98,
      "old_price": 12.48,
      "discount_pct": 28,
      "image_url": null,
      "off_barcode": null,
      "group_id": null,
      "match_type": null,
      "match_confidence": null,
      "quantity_g": null,
      "quantity_ml": null,
      "price_per_kg": null,
      "price_per_l": null
    },
    {
      "id": 663,
      "name": "King оферта - Само с Billa Card - Калиакра Сълнчогледово олио 2 л До 5 бр. на клиент*",
      "store": "Billa",
      "price": 2.81,
      "old_price": 3.93,
      "discount_pct": 28,
      "image_url": null,
      "off_barcode": null,
      "group_id": null,
      "match_type": null,
      "match_confidence": null,
      "quantity_g": null,
      "quantity_ml": 2000,
      "price_per_kg": null,
      "price_per_l": 1.41
    },
    {
      "id": 1089,
      "name": "Kri Kri",
      "store": "Kaufland",
      "price": 1.17,
      "old_price": 1.63,
      "discount_pct": 28,
      "image_url": null,
      "off_barcode": null,
      "group_id": null,
      "match_type": null,
      "match_confidence": null,
      "quantity_g": null,
      "quantity_ml": null,
      "price_per_kg": null,
      "price_per_l": null
    },
    {
      "id": 171,
      "name": "Kri Kri Протеинов йогурт\nразлични видове",
      "store": "Kaufland",
      "price": 2.29,
      "old_price": 3.19,
      "discount_pct": 28,
      "image_url": null,
      "off_barcode": null,
      "group_id": null,
      "match_type": null,
      "match_confidence": null,
      "quantity_g": null,
      "quantity_ml": null,
      "price_per_kg": null,
      "price_per_l": null
    },
    {
      "id": 1255,
      "name": "Martini",
      "store": "Kaufland",
      "price": 10.22,
      "old_price": 14.31,
      "discount_pct": 28,
      "image_url": null,
      "off_barcode": null,
      "group_id": null,
      "match_type": null,
      "match_confidence": null,
      "quantity_g": null,
      "quantity_ml": null,
      "price_per_kg": null,
      "price_per_l": null
    },
    {
      "id": 1254,
      "name": "Martini Asti",
      "store": "Kaufland",
      "price": 10.22,
      "old_price": 14.31,
      "discount_pct": 28,
      "image_url": null,
      "off_barcode": null,
      "group_id": null,
      "match_type": null,
      "match_confidence": null,
      "quantity_g": null,
      "quantity_ml": null,
      "price_per_kg": null,
      "price_per_l": null
    },
    {
      "id": 336,
      "name": "Martini Asti Пенливо вино",
      "store": "Kaufland",
      "price": 19.99,
      "old_price": 27.99,
      "discount_pct": 28,
      "image_url": null,
      "off_barcode": null,
      "group_id": null,
      "match_type": null,
      "match_confidence": null,
      "quantity_g": null,
      "quantity_ml": null,
      "price_per_kg": null,
      "price_per_l": null
    },
    {
      "id": 337,
      "name": "Martini Пенливо вино\nразлични видове",
      "store": "Kaufland",
      "price": 19.99,
      "old_price": 27.99,
      "discount_pct": 28,
      "image_url": null,
      "off_barcode": null,
      "group_id": null,
      "match_type": null,
      "match_confidence": null,
      "quantity_g": null,
      "quantity_ml": null,
      "price_per_kg": null,
      "price_per_l": null
    },
    {
      "id": 96,
      "name": "PARKSIDE® Маса за оберфреза",
      "store": "Kaufland",
      "price": 199.91,
      "old_price": 279.9,
      "discount_pct": 28,
      "image_url": null,
      "off_barcode": null,
      "group_id": null,
      "match_type": null,
      "match_confidence": null,
      "quantity_g": null,
      "quantity_ml": null,
      "price_per_kg": null,
      "price_per_l": null
    },
    {
      "id": 3526,
      "name": "Serenata Минивафли\nс какаов крем",
      "store": "Kaufland",
      "price": 3.29,
      "old_price": 4.58,
      "discount_pct": 28,
      "image_url": null,
      "off_barcode": null,
      "group_id": null,
      "match_type": null,
      "match_confidence": null,
      "quantity_g": null,
      "quantity_ml": null,
      "price_per_kg": null,
      "price_per_l": null
    },
    {
      "id": 3429,
      "name": "Tasty Торта\nсиропирана",
      "store": "Kaufland",
      "price": 4.99,
      "old_price": 6.98,
      "discount_pct": 28,
      "image_url": null,
      "off_barcode": null,
      "group_id": null,
      "match_type": null,
      "match_confidence": null,
      "quantity_g": null,
      "quantity_ml": null,
      "price_per_kg": null,
      "price_per_l": null
    },
    {
      "id": 1363,
      "name": "Valdo",
      "store": "Kaufland",
      "price": 11.75,
      "old_price": 16.36,
      "discount_pct": 28,
      "image_url": null,
      "off_barcode": null,
      "group_id": null,
      "match_type": null,
      "match_confidence": null,
      "quantity_g": null,
      "quantity_ml": null,
      "price_per_kg": null,
      "price_per_l": null
    },
    {
      "id": 4513,
      "name": "Valdo Пенливо вино Aquarius\nбяло или розе",
      "store": "Kaufland",
      "price": 22.98,
      "old_price": 32.0,
      "discount_pct": 28,
      "image_url": null,
      "off_barcode": null,
      "group_id": null,
      "match_type": null,
      "match_confidence": null,
      "quantity_g": null,
      "quantity_ml": null,
      "price_per_kg": null,
      "price_per_l": null
    },
    {
      "id": 3741,
      "name": "Vileda Резервна гъба\nза моп тип пеперуда",
      "store": "Kaufland",
      "price": 9.99,
      "old_price": 13.98,
      "discount_pct": 28,
      "image_url": null,
      "off_barcode": null,
      "group_id": null,
      "match_type": null,
      "match_confidence": null,
      "quantity_g": null,
      "quantity_ml": null,
      "price_per_kg": null,
      "price_per_l": null
    },
    {
      "id": 1259,
      "name": "Zlaten Rozhen",
      "store": "Kaufland",
      "price": 4.59,
      "old_price": 6.44,
      "discount_pct": 28,
      "image_url": null,
      "off_barcode": null,
      "group_id": null,
      "match_type": null,
      "match_confidence": null,
      "quantity_g": null,
      "quantity_ml": null,
      "price_per_kg": null,
      "price_per_l": null
    },
    {
      "id": 340,
      "name": "Zlaten Rozhen Червено вино",
      "store": "Kaufland",
      "price": 8.98,
      "old_price": 12.6,
      "discount_pct": 28,
      "image_url": null,
      "off_barcode": null,
      "group_id": null,
      "match_type": null,
      "match_confidence": null,
      "quantity_g": null,
      "quantity_ml": null,
      "price_per_kg": null,
      "price_per_l": null
    },
    {
      "id": 341,
      "name": "Zlaten Rozhen Червено, Бяло вино или Розе\nразлични сортове",
      "store": "Kaufland",
      "price": 8.98,
      "old_price": 12.6,
      "discount_pct": 28,
      "image_url": null,
      "off_barcode": null,
      "group_id": null,
      "match_type": null,
      "match_confidence": null,
      "quantity_g": null,
      "quantity_ml": null,
      "price_per_kg": null,
      "price_per_l": null
    },
    {
      "id": 1059,
      "name": "БИС'98",
      "store": "Kaufland",
      "price": 5.11,
      "old_price": 7.15,
      "discount_pct": 28,
      "image_url": null,
      "off_barcode": null,
      "group_id": null,
      "match_type": null,
      "match_confidence": null,
      "quantity_g": null,
      "quantity_ml": null,
      "price_per_kg": null,
      "price_per_l": null
    },
    {
      "id": 4289,
      "name": "БИС'98 Свински бут\nот свежата витрина",
      "store": "Kaufland",
      "price": 9.99,
      "old_price": 13.98,
      "discount_pct": 28,
      "image_url": null,
      "off_barcode": null,
      "group_id": null,
      "match_type": null,
      "match_confidence": null,
      "quantity_g": null,
      "quantity_ml": null,
      "price_per_kg": null,
      "price_per_l": null
    },
    {
      "id": 3512,
      "name": "Боровец Вафли",
      "store": "Kaufland",
      "price": 4.28,
      "old_price": 5.98,
      "discount_pct": 28,
      "image_url": null,
      "off_barcode": null,
      "group_id": null,
      "match_type": null,
      "match_confidence": null,
      "quantity_g": null,
      "quantity_ml": null,
      "price_per_kg": null,
      "price_per_l": null
    },
    {
      "id": 1161,
      "name": "Вита Силует",
      "store": "Kaufland",
      "price": 1.22,
      "old_price": 1.71,
      "discount_pct": 28,
      "image_url": null,
      "off_barcode": null,
      "group_id": null,
      "match_type": null,
      "match_confidence": null,
      "quantity_g": null,
      "quantity_ml": null,
      "price_per_kg": null,
      "price_per_l": null
    },
    {
      "id": 242,
      "name": "Вита Силует Хляб\nразлични видове",
      "store": "Kaufland",
      "price": 2.39,
      "old_price": 3.34,
      "discount_pct": 28,
      "image_url": null,
      "off_barcode": null,
      "group_id": null,
      "match_type": null,
      "match_confidence": null,
      "quantity_g": null,
      "quantity_ml": null,
      "price_per_kg": null,
      "price_per_l": null
    },
    {
      "id": 730,
      "name": "Вита Силует Хляб 6 зърна или класик 400 г Произход - България",
      "store": "Billa",
      "price": 1.22,
      "old_price": 1.71,
      "discount_pct": 28,
      "image_url": null,
      "off_barcode": null,
      "group_id": null,
      "match_type": null,
      "match_confidence": null,
      "quantity_g": 400,
      "quantity_ml": null,
      "price_per_kg": 3.05,
      "price_per_l": null
    },
    {
      "id": 5791,
      "name": "Гауда",
      "store": "Lidl",
      "price": 1.45,
      "old_price": 2.04,
      "discount_pct": 28,
      "image_url": null,
      "off_barcode": null,
      "group_id": null,
      "match_type": null,
      "match_confidence": null,
      "quantity_g": null,
      "quantity_ml": null,
      "price_per_kg": null,
      "price_per_l": null
    },
    {
      "id": 753,
      "name": "Едросмляна лютеница От деликатесната витрина За 1 кг",
      "store": "Billa",
      "price": 4.59,
      "old_price": 6.44,
      "discount_pct": 28,
      "image_url": null,
      "off_barcode": null,
      "group_id": null,
      "match_type": null,
      "match_confidence": null,
      "quantity_g": 1000,
      "quantity_ml": null,
      "price_per_kg": 4.59,
      "price_per_l": null
    },
    {
      "id": 5796,
      "name": "Италианско сирене бурата",
      "store": "Lidl",
      "price": 1.45,
      "old_price": 2.04,
      "discount_pct": 28,
      "image_url": null,
      "off_barcode": null,
      "group_id": null,
      "match_type": null,
      "match_confidence": null,
      "quantity_g": null,
      "quantity_ml": null,
      "price_per_kg": null,
      "price_per_l": null
    },
    {
      "id": 1062,
      "name": "Кен",
      "store": "Kaufland",
      "price": 2.55,
      "old_price": 3.57,
      "discount_pct": 28,
      "image_url": null,
      "off_barcode": null,
      "group_id": null,
      "match_type": null,
      "match_confidence": null,
      "quantity_g": null,
      "quantity_ml": null,
      "price_per_kg": null,
      "price_per_l": null
    },
    {
      "id": 4291,
      "name": "Кен Шунка",
      "store": "Kaufland",
      "price": 4.99,
      "old_price": 6.98,
      "discount_pct": 28,
      "image_url": null,
      "off_barcode": null,
      "group_id": null,
      "match_type": null,
      "match_confidence": null,
      "quantity_g": null,
      "quantity_ml": null,
      "price_per_kg": null,
      "price_per_l": null
    },
    {
      "id": 1049,
      "name": "Кълцано карначе на шиш",
      "store": "Kaufland",
      "price": 0.91,
      "old_price": 1.27,
      "discount_pct": 28,
      "image_url": null,
      "off_barcode": null,
      "group_id": null,
      "match_type": null,
      "match_confidence": null,
      "quantity_g": null,
      "quantity_ml": null,
      "price_per_kg": null,
      "price_per_l": null
    },
    {
      "id": 131,
      "name": "Кълцано карначе на шиш от свежата витрина",
      "store": "Kaufland",
      "price": 1.78,
      "old_price": 2.48,
      "discount_pct": 28,
      "image_url": null,
      "off_barcode": null,
      "group_id": null,
      "match_type": null,
      "match_confidence": null,
      "quantity_g": null,
      "quantity_ml": null,
      "price_per_kg": null,
      "price_per_l": null
    },
    {
      "id": 3200,
      "name": "Къпини",
      "store": "Kaufland",
      "price": 4.99,
      "old_price": 6.98,
      "discount_pct": 28,
      "image_url": null,
      "off_barcode": null,
      "group_id": null,
      "match_type": null,
      "match_confidence": null,
      "quantity_g": null,
      "quantity_ml": null,
      "price_per_kg": null,
      "price_per_l": null
    },
    {
      "id": 193,
      "name": "Лактофол Универсален субстрат",
      "store": "Kaufland",
      "price": 199.91,
      "old_price": 279.9,
      "discount_pct": 28,
      "image_url": null,
      "off_barcode": null,
      "group_id": null,
      "match_type": null,
      "match_confidence": null,
      "quantity_g": null,
      "quantity_ml": null,
      "price_per_kg": null,
      "price_per_l": null
    },
    {
      "id": 3266,
      "name": "Майстор Цветко Бекон по селски\nот свежата витрина",
      "store": "Kaufland",
      "price": 14.98,
      "old_price": 20.99,
      "discount_pct": 28,
      "image_url": null,
      "off_barcode": null,
      "group_id": null,
      "match_type": null,
      "match_confidence": null,
      "quantity_g": null,
      "quantity_ml": null,
      "price_per_kg": null,
      "price_per_l": null
    },
    {
      "id": 1073,
      "name": "Орехите",
      "store": "Kaufland",
      "price": 5.11,
      "old_price": 7.15,
      "discount_pct": 28,
      "image_url": null,
      "off_barcode": null,
      "group_id": null,
      "match_type": null,
      "match_confidence": null,
      "quantity_g": null,
      "quantity_ml": null,
      "price_per_kg": null,
      "price_per_l": null
    },
    {
      "id": 155,
      "name": "Орехите Луканка/Старец/Суджук/\nСушеник",
      "store": "Kaufland",
      "price": 9.99,
      "old_price": 13.98,
      "discount_pct": 28,
      "image_url": null,
      "off_barcode": null,
      "group_id": null,
      "match_type": null,
      "match_confidence": null,
      "quantity_g": null,
      "quantity_ml": null,
      "price_per_kg": null,
      "price_per_l": null
    },
    {
      "id": 3228,
      "name": "Пилешки крила от свежата витрина",
      "store": "Kaufland",
      "price": 4.99,
      "old_price": 6.98,
      "discount_pct": 28,
      "image_url": null,
      "off_barcode": null,
      "group_id": null,
      "match_type": null,
      "match_confidence": null,
      "quantity_g": null,
      "quantity_ml": null,
      "price_per_kg": null,
      "price_per_l": null
    },
    {
      "id": 4226,
      "name": "Пиринско Бира",
      "store": "Kaufland",
      "price": 1.68,
      "old_price": 2.35,
      "discount_pct": 28,
      "image_url": null,
      "off_barcode": null,
      "group_id": null,
      "match_type": null,
      "match_confidence": null,
      "quantity_g": null,
      "quantity_ml": null,
      "price_per_kg": null,
      "price_per_l": null
    },
    {
      "id": 589,
      "name": "Пица",
      "store": "Lidl",
      "price": 0.51,
      "old_price": 0.71,
      "discount_pct": 28,
      "image_url": null,
      "off_barcode": null,
      "group_id": null,
      "match_type": null,
      "match_confidence": null,
      "quantity_g": null,
      "quantity_ml": null,
      "price_per_kg": null,
      "price_per_l": null
    },
    {
      "id": 752,
      "name": "Пълнени чушки с ориз От деликатесната витрина За 1 кг",
      "store": "Billa",
      "price": 5.09,
      "old_price": 7.15,
      "discount_pct": 28,
      "image_url": null,
      "off_barcode": null,
      "group_id": null,
      "match_type": null,
      "match_confidence": null,
      "quantity_g": 1000,
      "quantity_ml": null,
      "price_per_kg": 5.09,
      "price_per_l": null
    },
    {
      "id": 1083,
      "name": "Рибно филе",
      "store": "Kaufland",
      "price": 5.11,
      "old_price": 7.15,
      "discount_pct": 28,
      "image_url": null,
      "off_barcode": null,
      "group_id": null,
      "match_type": null,
      "match_confidence": null,
      "quantity_g": null,
      "quantity_ml": null,
      "price_per_kg": null,
      "price_per_l": null
    },
    {
      "id": 165,
      "name": "Рибно филе панирано",
      "store": "Kaufland",
      "price": 9.99,
      "old_price": 13.98,
      "discount_pct": 28,
      "image_url": null,
      "off_barcode": null,
      "group_id": null,
      "match_type": null,
      "match_confidence": null,
      "quantity_g": null,
      "quantity_ml": null,
      "price_per_kg": null,
      "price_per_l": null
    },
    {
      "id": 5946,
      "name": "Рози",
      "store": "Lidl",
      "price": 2.55,
      "old_price": 3.57,
      "discount_pct": 28,
      "image_url": null,
      "off_barcode": null,
      "group_id": null,
      "match_type": null,
      "match_confidence": null,
      "quantity_g": null,
      "quantity_ml": null,
      "price_per_kg": null,
      "price_per_l": null
    },
    {
      "id": 784,
      "name": "Само с Billa App - Sano Maxima Sensitive Гел за пране 2 л, 1 изпиране = 0,31 €/0,61 лв./30 пранета",
      "store": "Billa",
      "price": 9.2,
      "old_price": 12.93,
      "discount_pct": 28,
      "image_url": null,
      "off_barcode": null,
      "group_id": null,
      "match_type": null,
      "match_confidence": null,
      "quantity_g": null,
      "quantity_ml": 2000,
      "price_per_kg": null,
      "price_per_l": 4.6
    },
    {
      "id": 890,
      "name": "Само с Billa Card - CleanMaxx Акумулаторна прахосмукачка 7,4V, различни цветове 1 бр. Продукт, марки",
      "store": "Billa",
      "price": 25.56,
      "old_price": 35.79,
      "discount_pct": 28,
      "image_url": null,
      "off_barcode": null,
      "group_id": null,
      "match_type": null,
      "match_confidence": null,
      "quantity_g": null,
      "quantity_ml": null,
      "price_per_kg": null,
      "price_per_l": null
    },
    {
      "id": 911,
      "name": "Супер цена - Мини сомун 120 г",
      "store": "Billa",
      "price": 0.3,
      "old_price": 0.42,
      "discount_pct": 28,
      "image_url": null,
      "off_barcode": null,
      "group_id": null,
      "match_type": null,
      "match_confidence": null,
      "quantity_g": 120,
      "quantity_ml": null,
      "price_per_kg": 2.5,
      "price_per_l": null
    },
    {
      "id": 3516,
      "name": "Троя Тунквана вафла\nGold",
      "store": "Kaufland",
      "price": 0.35,
      "old_price": 0.49,
      "discount_pct": 28,
      "image_url": null,
      "off_barcode": null,
      "group_id": null,
      "match_type": null,
      "match_confidence": null,
      "quantity_g": null,
      "quantity_ml": null,
      "price_per_kg": null,
      "price_per_l": null
    },
    {
      "id": 3517,
      "name": "Троя Тунквана вафла\nразлични видове",
      "store": "Kaufland",
      "price": 0.35,
      "old_price": 0.49,
      "discount_pct": 28,
      "image_url": null,
      "off_barcode": null,
      "group_id": null,
      "match_type": null,
      "match_confidence": null,
      "quantity_g": null,
      "quantity_ml": null,
      "price_per_kg": null,
      "price_per_l": null
    },
    {
      "id": 716,
      "name": "Ципура прясна За 1 кг",
      "store": "Billa",
      "price": 9.2,
      "old_price": 12.78,
      "discount_pct": 28,
      "image_url": null,
      "off_barcode": null,
      "group_id": null,
      "match_type": null,
      "match_confidence": null,
      "quantity_g": 1000,
      "quantity_ml": null,
      "price_per_kg": 9.2,
      "price_per_l": null
    },
    {
      "id": 1023,
      "name": "Червени чушки Камби",
      "store": "Kaufland",
      "price": 2.8,
      "old_price": 3.93,
      "discount_pct": 28,
      "image_url": null,
      "off_barcode": null,
      "group_id": null,
      "match_type": null,
      "match_confidence": null,
      "quantity_g": null,
      "quantity_ml": null,
      "price_per_kg": null,
      "price_per_l": null
    },
    {
      "id": 595,
      "name": "Шоколадов десерт",
      "store": "Lidl",
      "price": 2.19,
      "old_price": 3.06,
      "discount_pct": 28,
      "image_url": null,
      "off_barcode": null,
      "group_id": null,
      "match_type": null,
      "match_confidence": null,
      "quantity_g": null,
      "quantity_ml": null,
      "price_per_kg": null,
      "price_per_l": null
    },
    {
      "id": 684,
      "name": "Ябълки Голдън делишъс За 1 кг",
      "store": "Billa",
      "price": 1.39,
      "old_price": 1.95,
      "discount_pct": 28,
      "image_url": null,
      "off_barcode": null,
      "group_id": null,
      "match_type": null,
      "match_confidence": null,
      "quantity_g": 1000,
      "quantity_ml": null,
      "price_per_kg": 1.39,
      "price_per_l": null
    },
    {
      "id": 990,
      "name": "7 DAYS",
      "store": "Kaufland",
      "price": 0.55,
      "old_price": 0.76,
      "discount_pct": 27,
      "image_url": null,
      "off_barcode": null,
      "group_id": null,
      "match_type": null,
      "match_confidence": null,
      "quantity_g": null,
      "quantity_ml": null,
      "price_per_kg": null,
      "price_per_l": null
    },
    {
      "id": 3383,
      "name": "AEA Сладки kошнички",
      "store": "Kaufland",
      "price": 2.89,
      "old_price": 3.99,
      "discount_pct": 27,
      "image_url": null,
      "off_barcode": null,
      "group_id": null,
      "match_type": null,
      "match_confidence": null,
      "quantity_g": null,
      "quantity_ml": null,
      "price_per_kg": null,
      "price_per_l": null
    },
    {
      "id": 3349,
      "name": "Almondy Торта\nзамразена",
      "store": "Kaufland",
      "price": 10.93,
      "old_price": 14.98,
      "discount_pct": 27,
      "image_url": null,
      "off_barcode": null,
      "group_id": null,
      "match_type": null,
      "match_confidence": null,
      "quantity_g": null,
      "quantity_ml": null,
      "price_per_kg": null,
      "price_per_l": null
    },
    {
      "id": 1153,
      "name": "Baci Dolci",
      "store": "Kaufland",
      "price": 5.36,
      "old_price": 7.36,
      "discount_pct": 27,
      "image_url": null,
      "off_barcode": null,
      "group_id": null,
      "match_type": null,
      "match_confidence": null,
      "quantity_g": null,
      "quantity_ml": null,
      "price_per_kg": null,
      "price_per_l": null
    },
    {
      "id": 4322,
      "name": "Baci Dolci Торта Тирамису",
      "store": "Kaufland",
      "price": 10.48,
      "old_price": 14.39,
      "discount_pct": 27,
      "image_url": null,
      "off_barcode": null,
      "group_id": null,
      "match_type": null,
      "match_confidence": null,
      "quantity_g": null,
      "quantity_ml": null,
      "price_per_kg": null,
      "price_per_l": null
    },
    {
      "id": 765,
      "name": "Billa селекция сирена 250 г",
      "store": "Billa",
      "price": 2.3,
      "old_price": 3.16,
      "discount_pct": 27,
      "image_url": null,
      "off_barcode": null,
      "group_id": null,
      "match_type": null,
      "match_confidence": null,
      "quantity_g": 250,
      "quantity_ml": null,
      "price_per_kg": 9.2,
      "price_per_l": null
    },
    {
      "id": 1130,
      "name": "Chef Carlo",
      "store": "Kaufland",
      "price": 0.81,
      "old_price": 1.12,
      "discount_pct": 27,
      "image_url": null,
      "off_barcode": null,
      "group_id": null,
      "match_type": null,
      "match_confidence": null,
      "quantity_g": null,
      "quantity_ml": null,
      "price_per_kg": null,
      "price_per_l": null
    },
    {
      "id": 4318,
      "name": "Chef Carlo Сладка царевица",
      "store": "Kaufland",
      "price": 1.58,
      "old_price": 2.19,
      "discount_pct": 27,
      "image_url": null,
      "off_barcode": null,
      "group_id": null,
      "match_type": null,
      "match_confidence": null,
      "quantity_g": null,
      "quantity_ml": null,
      "price_per_kg": null,
      "price_per_l": null
    },
    {
      "id": 1268,
      "name": "Cheval de Katarzyna",
      "store": "Kaufland",
      "price": 5.11,
      "old_price": 7.05,
      "discount_pct": 27,
      "image_url": null,
      "off_barcode": null,
      "group_id": null,
      "match_type": null,
      "match_confidence": null,
      "quantity_g": null,
      "quantity_ml": null,
      "price_per_kg": null,
      "price_per_l": null
    },
    {
      "id": 350,
      "name": "Cheval de Katarzyna Червено, Бяло вино или Розе\nразлични сортове",
      "store": "Kaufland",
      "price": 9.99,
      "old_price": 13.79,
      "discount_pct": 27,
      "image_url": null,
      "off_barcode": null,
      "group_id": null,
      "match_type": null,
      "match_confidence": null,
      "quantity_g": null,
      "quantity_ml": null,
      "price_per_kg": null,
      "price_per_l": null
    },
    {
      "id": 1270,
      "name": "Devin",
      "store": "Kaufland",
      "price": 0.43,
      "old_price": 0.59,
      "discount_pct": 27,
      "image_url": null,
      "off_barcode": null,
      "group_id": null,
      "match_type": null,
      "match_confidence": null,
      "quantity_g": null,
      "quantity_ml": null,
      "price_per_kg": null,
      "price_per_l": null
    },
    {
      "id": 3347,
      "name": "Family Fish Панирани рибни пръчици\nзамразени",
      "store": "Kaufland",
      "price": 4.48,
      "old_price": 6.18,
      "discount_pct": 27,
      "image_url": null,
      "off_barcode": null,
      "group_id": null,
      "match_type": null,
      "match_confidence": null,
      "quantity_g": null,
      "quantity_ml": null,
      "price_per_kg": null,
      "price_per_l": null
    },
    {
      "id": 802,
      "name": "Ferrero Rocher Бонбониера Diamand 300 г",
      "store": "Billa",
      "price": 9.71,
      "old_price": 13.34,
      "discount_pct": 27,
      "image_url": null,
      "off_barcode": null,
      "group_id": null,
      "match_type": null,
      "match_confidence": null,
      "quantity_g": 300,
      "quantity_ml": null,
      "price_per_kg": 32.37,
      "price_per_l": null
    },
    {
      "id": 3295,
      "name": "HOCHLAND Топено сирене\nразлични видове",
      "store": "Kaufland",
      "price": 3.48,
      "old_price": 4.79,
      "discount_pct": 27,
      "image_url": null,
      "off_barcode": null,
      "group_id": null,
      "match_type": null,
      "match_confidence": null,
      "quantity_g": null,
      "quantity_ml": null,
      "price_per_kg": null,
      "price_per_l": null
    },
    {
      "id": 126,
      "name": "K-Classic Салам с поръска\nразлични видове",
      "store": "Kaufland",
      "price": 3.48,
      "old_price": 4.79,
      "discount_pct": 27,
      "image_url": null,
      "off_barcode": null,
      "group_id": null,
      "match_type": null,
      "match_confidence": null,
      "quantity_g": null,
      "quantity_ml": null,
      "price_per_kg": null,
      "price_per_l": null
    },
    {
      "id": 3436,
      "name": "Maretti Брускети\nразлични вкусове",
      "store": "Kaufland",
      "price": 1.15,
      "old_price": 1.58,
      "discount_pct": 27,
      "image_url": null,
      "off_barcode": null,
      "group_id": null,
      "match_type": null,
      "match_confidence": null,
      "quantity_g": null,
      "quantity_ml": null,
      "price_per_kg": null,
      "price_per_l": null
    },
    {
      "id": 4063,
      "name": "Murphys Бира\n4% vol",
      "store": "Kaufland",
      "price": 2.74,
      "old_price": 3.79,
      "discount_pct": 27,
      "image_url": null,
      "off_barcode": null,
      "group_id": null,
      "match_type": null,
      "match_confidence": null,
      "quantity_g": null,
      "quantity_ml": null,
      "price_per_kg": null,
      "price_per_l": null
    },
    {
      "id": 817,
      "name": "Nice Bites Стафиди тъмни джъмбо 200 г",
      "store": "Billa",
      "price": 1.29,
      "old_price": 1.78,
      "discount_pct": 27,
      "image_url": null,
      "off_barcode": null,
      "group_id": null,
      "match_type": null,
      "match_confidence": null,
      "quantity_g": 200,
      "quantity_ml": null,
      "price_per_kg": 6.45,
      "price_per_l": null
    },
    {
      "id": 717,
      "name": "Ocean Fish Суши Филаделфия 240 г Продукт, маркиран със синя звезда",
      "store": "Billa",
      "price": 4.09,
      "old_price": 5.62,
      "discount_pct": 27,
      "image_url": null,
      "off_barcode": null,
      "group_id": null,
      "match_type": null,
      "match_confidence": null,
      "quantity_g": 240,
      "quantity_ml": null,
      "price_per_kg": 17.04,
      "price_per_l": null
    },
    {
      "id": 3584,
      "name": "Purcari 1827 Червено, Бяло вино или Розе\nразлични сортове",
      "store": "Kaufland",
      "price": 14.49,
      "old_price": 19.99,
      "discount_pct": 27,
      "image_url": null,
      "off_barcode": null,
      "group_id": null,
      "match_type": null,
      "match_confidence": null,
      "quantity_g": null,
      "quantity_ml": null,
      "price_per_kg": null,
      "price_per_l": null
    },
    {
      "id": 1236,
      "name": "SHOOTERS",
      "store": "Kaufland",
      "price": 2.04,
      "old_price": 2.81,
      "discount_pct": 27,
      "image_url": null,
      "off_barcode": null,
      "group_id": null,
      "match_type": null,
      "match_confidence": null,
      "quantity_g": null,
      "quantity_ml": null,
      "price_per_kg": null,
      "price_per_l": null
    },
    {
      "id": 318,
      "name": "SHOOTERS Шоколадови бонбони с алкохол\nразлични вкусове",
      "store": "Kaufland",
      "price": 3.99,
      "old_price": 5.5,
      "discount_pct": 27,
      "image_url": null,
      "off_barcode": null,
      "group_id": null,
      "match_type": null,
      "match_confidence": null,
      "quantity_g": null,
      "quantity_ml": null,
      "price_per_kg": null,
      "price_per_l": null
    },
    {
      "id": 4065,
      "name": "STR8 Душ гел\\nразлични видове",
      "store": "Kaufland",
      "price": 2.74,
      "old_price": 3.79,
      "discount_pct": 27,
      "image_url": null,
      "off_barcode": null,
      "group_id": null,
      "match_type": null,
      "match_confidence": null,
      "quantity_g": null,
      "quantity_ml": null,
      "price_per_kg": null,
      "price_per_l": null
    },
    {
      "id": 1276,
      "name": "Stallion Selection",
      "store": "Kaufland",
      "price": 7.66,
      "old_price": 10.53,
      "discount_pct": 27,
      "image_url": null,
      "off_barcode": null,
      "group_id": null,
      "match_type": null,
      "match_confidence": null,
      "quantity_g": null,
      "quantity_ml": null,
      "price_per_kg": null,
      "price_per_l": null
    },
    {
      "id": 358,
      "name": "Stallion Selection Червено или Бяло вино\nразлични сортове",
      "store": "Kaufland",
      "price": 14.98,
      "old_price": 20.59,
      "discount_pct": 27,
      "image_url": null,
      "off_barcode": null,
      "group_id": null,
      "match_type": null,
      "match_confidence": null,
      "quantity_g": null,
      "quantity_ml": null,
      "price_per_kg": null,
      "price_per_l": null
    },
    {
      "id": 3697,
      "name": "Sunny dog Суха храна за кучета",
      "store": "Kaufland",
      "price": 14.49,
      "old_price": 19.99,
      "discount_pct": 27,
      "image_url": null,
      "off_barcode": null,
      "group_id": null,
      "match_type": null,
      "match_confidence": null,
      "quantity_g": null,
      "quantity_ml": null,
      "price_per_kg": null,
      "price_per_l": null
    },
    {
      "id": 1280,
      "name": "Targovishte",
      "store": "Kaufland",
      "price": 6.64,
      "old_price": 9.2,
      "discount_pct": 27,
      "image_url": null,
      "off_barcode": null,
      "group_id": null,
      "match_type": null,
      "match_confidence": null,
      "quantity_g": null,
      "quantity_ml": null,
      "price_per_kg": null,
      "price_per_l": null
    },
    {
      "id": 362,
      "name": "Targovishte Червено, Бяло вино или Розе\nизбрани сортове",
      "store": "Kaufland",
      "price": 12.99,
      "old_price": 17.99,
      "discount_pct": 27,
      "image_url": null,
      "off_barcode": null,
      "group_id": null,
      "match_type": null,
      "match_confidence": null,
      "quantity_g": null,
      "quantity_ml": null,
      "price_per_kg": null,
      "price_per_l": null
    },
    {
      "id": 5883,
      "name": "Taste it! Торта",
      "store": "Lidl",
      "price": 5.59,
      "old_price": 7.66,
      "discount_pct": 27,
      "image_url": null,
      "off_barcode": null,
      "group_id": null,
      "match_type": null,
      "match_confidence": null,
      "quantity_g": null,
      "quantity_ml": null,
      "price_per_kg": null,
      "price_per_l": null
    },
    {
      "id": 3742,
      "name": "Vileda Калъф за дъска за гладене",
      "store": "Kaufland",
      "price": 15.98,
      "old_price": 21.98,
      "discount_pct": 27,
      "image_url": null,
      "off_barcode": null,
      "group_id": null,
      "match_type": null,
      "match_confidence": null,
      "quantity_g": null,
      "quantity_ml": null,
      "price_per_kg": null,
      "price_per_l": null
    },
    {
      "id": 4077,
      "name": "ZOTT Мляко с ориз\nразлични видове",
      "store": "Kaufland",
      "price": 1.68,
      "old_price": 2.33,
      "discount_pct": 27,
      "image_url": null,
      "off_barcode": null,
      "group_id": null,
      "match_type": null,
      "match_confidence": null,
      "quantity_g": null,
      "quantity_ml": null,
      "price_per_kg": null,
      "price_per_l": null
    },
    {
      "id": 3267,
      "name": "Бони Пръчици",
      "store": "Kaufland",
      "price": 4.58,
      "old_price": 6.3,
      "discount_pct": 27,
      "image_url": null,
      "off_barcode": null,
      "group_id": null,
      "match_type": null,
      "match_confidence": null,
      "quantity_g": null,
      "quantity_ml": null,
      "price_per_kg": null,
      "price_per_l": null
    },
    {
      "id": 3235,
      "name": "Димитър Маджаров Сух колбас Бургас\nот свежата витрина",
      "store": "Kaufland",
      "price": 23.98,
      "old_price": 32.99,
      "discount_pct": 27,
      "image_url": null,
      "off_barcode": null,
      "group_id": null,
      "match_type": null,
      "match_confidence": null,
      "quantity_g": null,
      "quantity_ml": null,
      "price_per_kg": null,
      "price_per_l": null
    },
    {
      "id": 4025,
      "name": "ЖАНЕТА Орехчета\nразлични видове",
      "store": "Kaufland",
      "price": 2.89,
      "old_price": 3.99,
      "discount_pct": 27,
      "image_url": null,
      "off_barcode": null,
      "group_id": null,
      "match_type": null,
      "match_confidence": null,
      "quantity_g": null,
      "quantity_ml": null,
      "price_per_kg": null,
      "price_per_l": null
    },
    {
      "id": 3427,
      "name": "Ида Торта Червено кадифе",
      "store": "Kaufland",
      "price": 11.99,
      "old_price": 16.49,
      "discount_pct": 27,
      "image_url": null,
      "off_barcode": null,
      "group_id": null,
      "match_type": null,
      "match_confidence": null,
      "quantity_g": null,
      "quantity_ml": null,
      "price_per_kg": null,
      "price_per_l": null
    },
    {
      "id": 221,
      "name": "Кроасан с кренвирш от свинско месо",
      "store": "Kaufland",
      "price": 1.27,
      "old_price": 1.74,
      "discount_pct": 27,
      "image_url": null,
      "off_barcode": null,
      "group_id": null,
      "match_type": null,
      "match_confidence": null,
      "quantity_g": null,
      "quantity_ml": null,
      "price_per_kg": null,
      "price_per_l": null
    },
    {
      "id": 1074,
      "name": "Молерите",
      "store": "Kaufland",
      "price": 4.08,
      "old_price": 5.62,
      "discount_pct": 27,
      "image_url": null,
      "off_barcode": null,
      "group_id": null,
      "match_type": null,
      "match_confidence": null,
      "quantity_g": null,
      "quantity_ml": null,
      "price_per_kg": null,
      "price_per_l": null
    },
    {
      "id": 13,
      "name": "Молерите Луканка Чиста храна\nразлични видове",
      "store": "Kaufland",
      "price": 7.98,
      "old_price": 10.99,
      "discount_pct": 27,
      "image_url": null,
      "off_barcode": null,
      "group_id": null,
      "match_type": null,
      "match_confidence": null,
      "quantity_g": null,
      "quantity_ml": null,
      "price_per_kg": null,
      "price_per_l": null
    },
    {
      "id": 353,
      "name": "ПИРИНСКО",
      "store": "Kaufland",
      "price": 3.32,
      "old_price": 4.6,
      "discount_pct": 27,
      "image_url": null,
      "off_barcode": null,
      "group_id": null,
      "match_type": null,
      "match_confidence": null,
      "quantity_g": null,
      "quantity_ml": null,
      "price_per_kg": null,
      "price_per_l": null
    },
    {
      "id": 354,
      "name": "ПИРИНСКО Бира\n6 х 0,5 л кен",
      "store": "Kaufland",
      "price": 6.49,
      "old_price": 9.0,
      "discount_pct": 27,
      "image_url": null,
      "off_barcode": null,
      "group_id": null,
      "match_type": null,
      "match_confidence": null,
      "quantity_g": null,
      "quantity_ml": 3000,
      "price_per_kg": null,
      "price_per_l": 2.16
    },
    {
      "id": 763,
      "name": "Пастир Кашкавал от козе мляко 200 г Продукт, маркиран със синя звезда",
      "store": "Billa",
      "price": 3.69,
      "old_price": 5.11,
      "discount_pct": 27,
      "image_url": null,
      "off_barcode": null,
      "group_id": null,
      "match_type": null,
      "match_confidence": null,
      "quantity_g": 200,
      "quantity_ml": null,
      "price_per_kg": 18.45,
      "price_per_l": null
    },
    {
      "id": 3399,
      "name": "Поничка с плодов пълнеж",
      "store": "Kaufland",
      "price": 0.78,
      "old_price": 1.08,
      "discount_pct": 27,
      "image_url": null,
      "off_barcode": null,
      "group_id": null,
      "match_type": null,
      "match_confidence": null,
      "quantity_g": null,
      "quantity_ml": null,
      "price_per_kg": null,
      "price_per_l": null
    },
    {
      "id": 690,
      "name": "Пресни картофи За 1 кг",
      "store": "Billa",
      "price": 1.29,
      "old_price": 1.79,
      "discount_pct": 27,
      "image_url": null,
      "off_barcode": null,
      "group_id": null,
      "match_type": null,
      "match_confidence": null,
      "quantity_g": 1000,
      "quantity_ml": null,
      "price_per_kg": 1.29,
      "price_per_l": null
    },
    {
      "id": 6118,
      "name": "Пудинг",
      "store": "Lidl",
      "price": 4.09,
      "old_price": 5.62,
      "discount_pct": 27,
      "image_url": null,
      "off_barcode": null,
      "group_id": null,
      "match_type": null,
      "match_confidence": null,
      "quantity_g": null,
      "quantity_ml": null,
      "price_per_kg": null,
      "price_per_l": null
    },
    {
      "id": 1052,
      "name": "Рагу",
      "store": "Kaufland",
      "price": 2.04,
      "old_price": 2.8,
      "discount_pct": 27,
      "image_url": null,
      "off_barcode": null,
      "group_id": null,
      "match_type": null,
      "match_confidence": null,
      "quantity_g": null,
      "quantity_ml": null,
      "price_per_kg": null,
      "price_per_l": null
    },
    {
      "id": 134,
      "name": "Рагу от свежата витрина",
      "store": "Kaufland",
      "price": 3.99,
      "old_price": 5.48,
      "discount_pct": 27,
      "image_url": null,
      "off_barcode": null,
      "group_id": null,
      "match_type": null,
      "match_confidence": null,
      "quantity_g": null,
      "quantity_ml": null,
      "price_per_kg": null,
      "price_per_l": null
    },
    {
      "id": 5730,
      "name": "Салата Джентилина",
      "store": "Lidl",
      "price": 1.29,
      "old_price": 1.78,
      "discount_pct": 27,
      "image_url": null,
      "off_barcode": null,
      "group_id": null,
      "match_type": null,
      "match_confidence": null,
      "quantity_g": null,
      "quantity_ml": null,
      "price_per_kg": null,
      "price_per_l": null
    },
    {
      "id": 791,
      "name": "Само с Billa App - Brio Универсален нож 13 см",
      "store": "Billa",
      "price": 1.78,
      "old_price": 2.45,
      "discount_pct": 27,
      "image_url": null,
      "off_barcode": null,
      "group_id": null,
      "match_type": null,
      "match_confidence": null,
      "quantity_g": null,
      "quantity_ml": null,
      "price_per_kg": null,
      "price_per_l": null
    },
    {
      "id": 743,
      "name": "Само с Billa Card - Clever Луканка слайс 100 г",
      "store": "Billa",
      "price": 1.59,
      "old_price": 2.19,
      "discount_pct": 27,
      "image_url": null,
      "off_barcode": null,
      "group_id": null,
      "match_type": null,
      "match_confidence": null,
      "quantity_g": 100,
      "quantity_ml": null,
      "price_per_kg": 15.9,
      "price_per_l": null
    },
    {
      "id": 1149,
      "name": "Сомун",
      "store": "Kaufland",
      "price": 0.55,
      "old_price": 0.76,
      "discount_pct": 27,
      "image_url": null,
      "off_barcode": null,
      "group_id": null,
      "match_type": null,
      "match_confidence": null,
      "quantity_g": null,
      "quantity_ml": null,
      "price_per_kg": null,
      "price_per_l": null
    },
    {
      "id": 231,
      "name": "Сомун от нашата пекарна",
      "store": "Kaufland",
      "price": 1.08,
      "old_price": 1.49,
      "discount_pct": 27,
      "image_url": null,
      "off_barcode": null,
      "group_id": null,
      "match_type": null,
      "match_confidence": null,
      "quantity_g": null,
      "quantity_ml": null,
      "price_per_kg": null,
      "price_per_l": null
    },
    {
      "id": 918,
      "name": "Супер цена - Maretti Брускети 70 г Произход - България",
      "store": "Billa",
      "price": 0.59,
      "old_price": 0.81,
      "discount_pct": 27,
      "image_url": null,
      "off_barcode": null,
      "group_id": null,
      "match_type": null,
      "match_confidence": null,
      "quantity_g": 70,
      "quantity_ml": null,
      "price_per_kg": 8.43,
      "price_per_l": null
    },
    {
      "id": 1184,
      "name": "Торта Сахер",
      "store": "Kaufland",
      "price": 6.64,
      "old_price": 9.2,
      "discount_pct": 27,
      "image_url": null,
      "off_barcode": null,
      "group_id": null,
      "match_type": null,
      "match_confidence": null,
      "quantity_g": null,
      "quantity_ml": null,
      "price_per_kg": null,
      "price_per_l": null
    },
    {
      "id": 6117,
      "name": "Шоколадови бонбони",
      "store": "Lidl",
      "price": 0.69,
      "old_price": 0.95,
      "discount_pct": 27,
      "image_url": null,
      "off_barcode": null,
      "group_id": null,
      "match_type": null,
      "match_confidence": null,
      "quantity_g": null,
      "quantity_ml": null,
      "price_per_kg": null,
      "price_per_l": null
    },
    {
      "id": 839,
      "name": "Шуменско бира 1 л Произход - България",
      "store": "Billa",
      "price": 0.92,
      "old_price": 1.27,
      "discount_pct": 27,
      "image_url": null,
      "off_barcode": null,
      "group_id": null,
      "match_type": null,
      "match_confidence": null,
      "quantity_g": null,
      "quantity_ml": 1000,
      "price_per_kg": null,
      "price_per_l": 0.92
    },
    {
      "id": 977,
      "name": "Always",
      "store": "Kaufland",
      "price": 4.59,
      "old_price": 6.21,
      "discount_pct": 26,
      "image_url": null,
      "off_barcode": null,
      "group_id": null,
      "match_type": null,
      "match_confidence": null,
      "quantity_g": null,
      "quantity_ml": null,
      "price_per_kg": null,
      "price_per_l": null
    },
    {
      "id": 3520,
      "name": "Bianchi Nero Кафе капсули\n100% Арабика",
      "store": "Kaufland",
      "price": 8.49,
      "old_price": 11.6,
      "discount_pct": 26,
      "image_url": null,
      "off_barcode": null,
      "group_id": null,
      "match_type": null,
      "match_confidence": null,
      "quantity_g": null,
      "quantity_ml": null,
      "price_per_kg": null,
      "price_per_l": null
    },
    {
      "id": 3521,
      "name": "Bianchi Nero Кафе капсули\nразлични видове",
      "store": "Kaufland",
      "price": 8.49,
      "old_price": 11.6,
      "discount_pct": 26,
      "image_url": null,
      "off_barcode": null,
      "group_id": null,
      "match_type": null,
      "match_confidence": null,
      "quantity_g": null,
      "quantity_ml": null,
      "price_per_kg": null,
      "price_per_l": null
    },
    {
      "id": 1352,
      "name": "Compass",
      "store": "Kaufland",
      "price": 1.42,
      "old_price": 1.94,
      "discount_pct": 26,
      "image_url": null,
      "off_barcode": null,
      "group_id": null,
      "match_type": null,
      "match_confidence": null,
      "quantity_g": null,
      "quantity_ml": null,
      "price_per_kg": null,
      "price_per_l": null
    },
    {
      "id": 434,
      "name": "Compass Готово ястие\nизбрани видове",
      "store": "Kaufland",
      "price": 2.78,
      "old_price": 3.79,
      "discount_pct": 26,
      "image_url": null,
      "off_barcode": null,
      "group_id": null,
      "match_type": null,
      "match_confidence": null,
      "quantity_g": null,
      "quantity_ml": null,
      "price_per_kg": null,
      "price_per_l": null
    },
    {
      "id": 352,
      "name": "Devin Вода\nразлични видове",
      "store": "Kaufland",
      "price": 0.84,
      "old_price": 1.15,
      "discount_pct": 26,
      "image_url": null,
      "off_barcode": null,
      "group_id": null,
      "match_type": null,
      "match_confidence": null,
      "quantity_g": null,
      "quantity_ml": null,
      "price_per_kg": null,
      "price_per_l": null
    },
    {
      "id": 971,
      "name": "Florina",
      "store": "Kaufland",
      "price": 1.27,
      "old_price": 1.73,
      "discount_pct": 26,
      "image_url": null,
      "off_barcode": null,
      "group_id": null,
      "match_type": null,
      "match_confidence": null,
      "quantity_g": null,
      "quantity_ml": null,
      "price_per_kg": null,
      "price_per_l": null
    },
    {
      "id": 445,
      "name": "HEINZ Кетчуп",
      "store": "Kaufland",
      "price": 5.48,
      "old_price": 7.49,
      "discount_pct": 26,
      "image_url": null,
      "off_barcode": null,
      "group_id": "g_6512bd43",
      "match_type": "name_similarity",
      "match_confidence": 1.0,
      "quantity_g": null,
      "quantity_ml": null,
      "price_per_kg": null,
      "price_per_l": null
    },
    {
      "id": 3819,
      "name": "K-Classic Закачалки\n10 бр.",
      "store": "Kaufland",
      "price": 5.48,
      "old_price": 7.49,
      "discount_pct": 26,
      "image_url": null,
      "off_barcode": null,
      "group_id": null,
      "match_type": null,
      "match_confidence": null,
      "quantity_g": null,
      "quantity_ml": null,
      "price_per_kg": null,
      "price_per_l": null
    },
    {
      "id": 4220,
      "name": "K-Classic Кашкавал натурален",
      "store": "Kaufland",
      "price": 10.99,
      "old_price": 14.98,
      "discount_pct": 26,
      "image_url": null,
      "off_barcode": null,
      "group_id": null,
      "match_type": null,
      "match_confidence": null,
      "quantity_g": null,
      "quantity_ml": null,
      "price_per_kg": null,
      "price_per_l": null
    },
    {
      "id": 1105,
      "name": "LACRIMA",
      "store": "Kaufland",
      "price": 8.68,
      "old_price": 11.75,
      "discount_pct": 26,
      "image_url": null,
      "off_barcode": null,
      "group_id": null,
      "match_type": null,
      "match_confidence": null,
      "quantity_g": null,
      "quantity_ml": null,
      "price_per_kg": null,
      "price_per_l": null
    },
    {
      "id": 187,
      "name": "LACRIMA Сирене\nот краве мляко",
      "store": "Kaufland",
      "price": 16.98,
      "old_price": 22.98,
      "discount_pct": 26,
      "image_url": null,
      "off_barcode": null,
      "group_id": null,
      "match_type": null,
      "match_confidence": null,
      "quantity_g": null,
      "quantity_ml": null,
      "price_per_kg": null,
      "price_per_l": null
    },
    {
      "id": 1199,
      "name": "LINDT LINDOR",
      "store": "Kaufland",
      "price": 7.15,
      "old_price": 9.71,
      "discount_pct": 26,
      "image_url": null,
      "off_barcode": null,
      "group_id": null,
      "match_type": null,
      "match_confidence": null,
      "quantity_g": null,
      "quantity_ml": null,
      "price_per_kg": null,
      "price_per_l": null
    },
    {
      "id": 4343,
      "name": "LINDT LINDOR Бонбони сърце\nразлични видове",
      "store": "Kaufland",
      "price": 13.98,
      "old_price": 18.99,
      "discount_pct": 26,
      "image_url": null,
      "off_barcode": null,
      "group_id": null,
      "match_type": null,
      "match_confidence": null,
      "quantity_g": null,
      "quantity_ml": null,
      "price_per_kg": null,
      "price_per_l": null
    },
    {
      "id": 1370,
      "name": "Libresse",
      "store": "Kaufland",
      "price": 2.24,
      "old_price": 3.06,
      "discount_pct": 26,
      "image_url": null,
      "off_barcode": null,
      "group_id": null,
      "match_type": null,
      "match_confidence": null,
      "quantity_g": null,
      "quantity_ml": null,
      "price_per_kg": null,
      "price_per_l": null
    },
    {
      "id": 452,
      "name": "Libresse Дамски превръзки Duo Pack\nизбрани видове",
      "store": "Kaufland",
      "price": 4.38,
      "old_price": 5.98,
      "discount_pct": 26,
      "image_url": null,
      "off_barcode": null,
      "group_id": null,
      "match_type": null,
      "match_confidence": null,
      "quantity_g": null,
      "quantity_ml": null,
      "price_per_kg": null,
      "price_per_l": null
    },
    {
      "id": 1373,
      "name": "Mayfly",
      "store": "Kaufland",
      "price": 12.77,
      "old_price": 17.38,
      "discount_pct": 26,
      "image_url": null,
      "off_barcode": null,
      "group_id": null,
      "match_type": null,
      "match_confidence": null,
      "quantity_g": null,
      "quantity_ml": null,
      "price_per_kg": null,
      "price_per_l": null
    },
    {
      "id": 455,
      "name": "Mayfly Бяло вино\nСовиньон Блан",
      "store": "Kaufland",
      "price": 24.98,
      "old_price": 33.99,
      "discount_pct": 26,
      "image_url": null,
      "off_barcode": null,
      "group_id": null,
      "match_type": null,
      "match_confidence": null,
      "quantity_g": null,
      "quantity_ml": null,
      "price_per_kg": null,
      "price_per_l": null
    },
    {
      "id": 1220,
      "name": "Merci",
      "store": "Kaufland",
      "price": 8.68,
      "old_price": 11.75,
      "discount_pct": 26,
      "image_url": null,
      "off_barcode": null,
      "group_id": null,
      "match_type": null,
      "match_confidence": null,
      "quantity_g": null,
      "quantity_ml": null,
      "price_per_kg": null,
      "price_per_l": null
    },
    {
      "id": 302,
      "name": "Merci Шоколадови бонбони",
      "store": "Kaufland",
      "price": 16.98,
      "old_price": 22.98,
      "discount_pct": 26,
      "image_url": null,
      "off_barcode": null,
      "group_id": null,
      "match_type": null,
      "match_confidence": null,
      "quantity_g": null,
      "quantity_ml": null,
      "price_per_kg": null,
      "price_per_l": null
    },
    {
      "id": 846,
      "name": "Milora Шоколадови бонбони Mozart Kugeln 200 г",
      "store": "Billa",
      "price": 3.57,
      "old_price": 4.85,
      "discount_pct": 26,
      "image_url": null,
      "off_barcode": null,
      "group_id": null,
      "match_type": null,
      "match_confidence": null,
      "quantity_g": 200,
      "quantity_ml": null,
      "price_per_kg": 17.85,
      "price_per_l": null
    },
    {
      "id": 3531,
      "name": "PLATINIUM Водка\n37,5% vol",
      "store": "Kaufland",
      "price": 10.99,
      "old_price": 14.98,
      "discount_pct": 26,
      "image_url": null,
      "off_barcode": null,
      "group_id": null,
      "match_type": null,
      "match_confidence": null,
      "quantity_g": null,
      "quantity_ml": null,
      "price_per_kg": null,
      "price_per_l": null
    },
    {
      "id": 422,
      "name": "SAFEGUARD",
      "store": "Kaufland",
      "price": 0.81,
      "old_price": 1.1,
      "discount_pct": 26,
      "image_url": null,
      "off_barcode": null,
      "group_id": null,
      "match_type": null,
      "match_confidence": null,
      "quantity_g": null,
      "quantity_ml": null,
      "price_per_kg": null,
      "price_per_l": null
    },
    {
      "id": 421,
      "name": "SAFEGUARD Сапун антибактериален\nразлични видове",
      "store": "Kaufland",
      "price": 1.58,
      "old_price": 2.15,
      "discount_pct": 26,
      "image_url": null,
      "off_barcode": null,
      "group_id": null,
      "match_type": null,
      "match_confidence": null,
      "quantity_g": null,
      "quantity_ml": null,
      "price_per_kg": null,
      "price_per_l": null
    },
    {
      "id": 4441,
      "name": "Safeguard Сапун",
      "store": "Kaufland",
      "price": 1.58,
      "old_price": 2.15,
      "discount_pct": 26,
      "image_url": null,
      "off_barcode": null,
      "group_id": null,
      "match_type": null,
      "match_confidence": null,
      "quantity_g": null,
      "quantity_ml": null,
      "price_per_kg": null,
      "price_per_l": null
    },
    {
      "id": 1249,
      "name": "San Terra",
      "store": "Kaufland",
      "price": 0.45,
      "old_price": 0.61,
      "discount_pct": 26,
      "image_url": null,
      "off_barcode": null,
      "group_id": null,
      "match_type": null,
      "match_confidence": null,
      "quantity_g": null,
      "quantity_ml": null,
      "price_per_kg": null,
      "price_per_l": null
    },
    {
      "id": 331,
      "name": "San Terra Газирана напитка\nразлични видове",
      "store": "Kaufland",
      "price": 0.88,
      "old_price": 1.19,
      "discount_pct": 26,
      "image_url": null,
      "off_barcode": null,
      "group_id": null,
      "match_type": null,
      "match_confidence": null,
      "quantity_g": null,
      "quantity_ml": null,
      "price_per_kg": null,
      "price_per_l": null
    },
    {
      "id": 3330,
      "name": "Агнешка главичка замразена",
      "store": "Kaufland",
      "price": 3.29,
      "old_price": 4.5,
      "discount_pct": 26,
      "image_url": null,
      "off_barcode": null,
      "group_id": null,
      "match_type": null,
      "match_confidence": null,
      "quantity_g": null,
      "quantity_ml": null,
      "price_per_kg": null,
      "price_per_l": null
    },
    {
      "id": 1139,
      "name": "Кроасан",
      "store": "Kaufland",
      "price": 0.65,
      "old_price": 0.89,
      "discount_pct": 26,
      "image_url": null,
      "off_barcode": null,
      "group_id": "g_c74d97b0",
      "match_type": "name_similarity",
      "match_confidence": 1.0,
      "quantity_g": null,
      "quantity_ml": null,
      "price_per_kg": null,
      "price_per_l": null
    },
    {
      "id": 778,
      "name": "Насипни бонбони За 1 кг",
      "store": "Billa",
      "price": 7.11,
      "old_price": 9.66,
      "discount_pct": 26,
      "image_url": null,
      "off_barcode": null,
      "group_id": null,
      "match_type": null,
      "match_confidence": null,
      "quantity_g": 1000,
      "quantity_ml": null,
      "price_per_kg": 7.11,
      "price_per_l": null
    },
    {
      "id": 1045,
      "name": "Пилешко филе от гърди",
      "store": "Kaufland",
      "price": 5.62,
      "old_price": 7.66,
      "discount_pct": 26,
      "image_url": null,
      "off_barcode": null,
      "group_id": null,
      "match_type": null,
      "match_confidence": null,
      "quantity_g": null,
      "quantity_ml": null,
      "price_per_kg": null,
      "price_per_l": null
    },
    {
      "id": 127,
      "name": "Пилешко филе от гърди от свежата витрина",
      "store": "Kaufland",
      "price": 10.99,
      "old_price": 14.98,
      "discount_pct": 26,
      "image_url": null,
      "off_barcode": null,
      "group_id": null,
      "match_type": null,
      "match_confidence": null,
      "quantity_g": null,
      "quantity_ml": null,
      "price_per_kg": null,
      "price_per_l": null
    },
    {
      "id": 635,
      "name": "Работен панталон",
      "store": "Lidl",
      "price": 1.49,
      "old_price": 2.04,
      "discount_pct": 26,
      "image_url": null,
      "off_barcode": null,
      "group_id": null,
      "match_type": null,
      "match_confidence": null,
      "quantity_g": null,
      "quantity_ml": null,
      "price_per_kg": null,
      "price_per_l": null
    },
    {
      "id": 6120,
      "name": "Разтворимо кафе 3 в 1",
      "store": "Lidl",
      "price": 3.55,
      "old_price": 4.85,
      "discount_pct": 26,
      "image_url": null,
      "off_barcode": null,
      "group_id": null,
      "match_type": null,
      "match_confidence": null,
      "quantity_g": null,
      "quantity_ml": null,
      "price_per_kg": null,
      "price_per_l": null
    },
    {
      "id": 774,
      "name": "Роден край Нетунквани вафли 525 г Произход - България",
      "store": "Billa",
      "price": 2.3,
      "old_price": 3.11,
      "discount_pct": 26,
      "image_url": null,
      "off_barcode": null,
      "group_id": null,
      "match_type": null,
      "match_confidence": null,
      "quantity_g": 525,
      "quantity_ml": null,
      "price_per_kg": 4.38,
      "price_per_l": null
    },
    {
      "id": 735,
      "name": "Сарми с кайма и бял сос От топлата витрина За 1 кг Billa Ready",
      "store": "Billa",
      "price": 7.69,
      "old_price": 10.43,
      "discount_pct": 26,
      "image_url": null,
      "off_barcode": null,
      "group_id": null,
      "match_type": null,
      "match_confidence": null,
      "quantity_g": 1000,
      "quantity_ml": null,
      "price_per_kg": 7.69,
      "price_per_l": null
    },
    {
      "id": 780,
      "name": "Сладея Пудра захар 250 г",
      "store": "Billa",
      "price": 0.56,
      "old_price": 0.76,
      "discount_pct": 26,
      "image_url": null,
      "off_barcode": null,
      "group_id": null,
      "match_type": null,
      "match_confidence": null,
      "quantity_g": 250,
      "quantity_ml": null,
      "price_per_kg": 2.24,
      "price_per_l": null
    },
    {
      "id": 692,
      "name": "Сладки картофи За 1 кг",
      "store": "Billa",
      "price": 1.49,
      "old_price": 2.04,
      "discount_pct": 26,
      "image_url": null,
      "off_barcode": null,
      "group_id": null,
      "match_type": null,
      "match_confidence": null,
      "quantity_g": 1000,
      "quantity_ml": null,
      "price_per_kg": 1.49,
      "price_per_l": null
    },
    {
      "id": 5920,
      "name": "Сладолед на клечка",
      "store": "Lidl",
      "price": 0.75,
      "old_price": 1.02,
      "discount_pct": 26,
      "image_url": null,
      "off_barcode": null,
      "group_id": null,
      "match_type": null,
      "match_confidence": null,
      "quantity_g": null,
      "quantity_ml": null,
      "price_per_kg": null,
      "price_per_l": null
    },
    {
      "id": 3450,
      "name": "София Мел Пшенично брашно",
      "store": "Kaufland",
      "price": 1.58,
      "old_price": 2.15,
      "discount_pct": 26,
      "image_url": null,
      "off_barcode": null,
      "group_id": null,
      "match_type": null,
      "match_confidence": null,
      "quantity_g": null,
      "quantity_ml": null,
      "price_per_kg": null,
      "price_per_l": null
    },
    {
      "id": 6135,
      "name": "Сух шампоан",
      "store": "Lidl",
      "price": 1.38,
      "old_price": 1.89,
      "discount_pct": 26,
      "image_url": null,
      "off_barcode": null,
      "group_id": null,
      "match_type": null,
      "match_confidence": null,
      "quantity_g": null,
      "quantity_ml": null,
      "price_per_kg": null,
      "price_per_l": null
    },
    {
      "id": 3357,
      "name": "Точени кори",
      "store": "Kaufland",
      "price": 1.68,
      "old_price": 2.29,
      "discount_pct": 26,
      "image_url": null,
      "off_barcode": null,
      "group_id": "g_1679091c",
      "match_type": "name_similarity",
      "match_confidence": 1.0,
      "quantity_g": null,
      "quantity_ml": null,
      "price_per_kg": null,
      "price_per_l": null
    },
    {
      "id": 4034,
      "name": "7 DAYS Миникроасани\nразлични вкусове",
      "store": "Kaufland",
      "price": 2.99,
      "old_price": 3.99,
      "discount_pct": 25,
      "image_url": null,
      "off_barcode": null,
      "group_id": null,
      "match_type": null,
      "match_confidence": null,
      "quantity_g": null,
      "quantity_ml": null,
      "price_per_kg": null,
      "price_per_l": null
    },
    {
      "id": 4134,
      "name": "Ariel Fish Копърка маринована\nот свежата витрина",
      "store": "Kaufland",
      "price": 14.61,
      "old_price": 19.5,
      "discount_pct": 25,
      "image_url": null,
      "off_barcode": null,
      "group_id": null,
      "match_type": null,
      "match_confidence": null,
      "quantity_g": null,
      "quantity_ml": null,
      "price_per_kg": null,
      "price_per_l": null
    },
    {
      "id": 4141,
      "name": "Ariel Fish Мариновани миди\nот свежата витрина",
      "store": "Kaufland",
      "price": 29.98,
      "old_price": 40.0,
      "discount_pct": 25,
      "image_url": null,
      "off_barcode": null,
      "group_id": null,
      "match_type": null,
      "match_confidence": null,
      "quantity_g": null,
      "quantity_ml": null,
      "price_per_kg": null,
      "price_per_l": null
    },
    {
      "id": 4120,
      "name": "Ariel Fish Сельодка с подправки\nот свежата витрина",
      "store": "Kaufland",
      "price": 17.99,
      "old_price": 24.0,
      "discount_pct": 25,
      "image_url": null,
      "off_barcode": null,
      "group_id": null,
      "match_type": null,
      "match_confidence": null,
      "quantity_g": null,
      "quantity_ml": null,
      "price_per_kg": null,
      "price_per_l": null
    },
    {
      "id": 4043,
      "name": "CATTLEYA Червено, Бяло вино или Розе\nразлични сортове",
      "store": "Kaufland",
      "price": 14.98,
      "old_price": 19.99,
      "discount_pct": 25,
      "image_url": null,
      "off_barcode": null,
      "group_id": null,
      "match_type": null,
      "match_confidence": null,
      "quantity_g": null,
      "quantity_ml": null,
      "price_per_kg": null,
      "price_per_l": null
    },
    {
      "id": 965,
      "name": "CLASSIC MAX",
      "store": "Kaufland",
      "price": 1.26,
      "old_price": 1.68,
      "discount_pct": 25,
      "image_url": null,
      "off_barcode": null,
      "group_id": null,
      "match_type": null,
      "match_confidence": null,
      "quantity_g": null,
      "quantity_ml": null,
      "price_per_kg": null,
      "price_per_l": null
    },
    {
      "id": 949,
      "name": "Casa Romantica",
      "store": "Kaufland",
      "price": 2.67,
      "old_price": 3.57,
      "discount_pct": 25,
      "image_url": null,
      "off_barcode": null,
      "group_id": null,
      "match_type": null,
      "match_confidence": null,
      "quantity_g": null,
      "quantity_ml": null,
      "price_per_kg": null,
      "price_per_l": null
    },
    {
      "id": 4052,
      "name": "Chio Intense Чипс\nразлични вкусове",
      "store": "Kaufland",
      "price": 2.99,
      "old_price": 3.99,
      "discount_pct": 25,
      "image_url": null,
      "off_barcode": null,
      "group_id": null,
      "match_type": null,
      "match_confidence": null,
      "quantity_g": null,
      "quantity_ml": null,
      "price_per_kg": null,
      "price_per_l": null
    },
    {
      "id": 1415,
      "name": "ECOMED",
      "store": "Kaufland",
      "price": 26.58,
      "old_price": 35.79,
      "discount_pct": 25,
      "image_url": null,
      "off_barcode": null,
      "group_id": null,
      "match_type": null,
      "match_confidence": null,
      "quantity_g": null,
      "quantity_ml": null,
      "price_per_kg": null,
      "price_per_l": null
    },
    {
      "id": 497,
      "name": "ECOMED Шиацу масажор NM-30E",
      "store": "Kaufland",
      "price": 51.99,
      "old_price": 70.0,
      "discount_pct": 25,
      "image_url": null,
      "off_barcode": null,
      "group_id": null,
      "match_type": null,
      "match_confidence": null,
      "quantity_g": null,
      "quantity_ml": null,
      "price_per_kg": null,
      "price_per_l": null
    },
    {
      "id": 175,
      "name": "EXQUISA Сирене Котидж",
      "store": "Kaufland",
      "price": 2.99,
      "old_price": 3.99,
      "discount_pct": 25,
      "image_url": null,
      "off_barcode": null,
      "group_id": null,
      "match_type": null,
      "match_confidence": null,
      "quantity_g": null,
      "quantity_ml": null,
      "price_per_kg": null,
      "price_per_l": null
    },
    {
      "id": 1386,
      "name": "El Sabor",
      "store": "Kaufland",
      "price": 1.78,
      "old_price": 2.4,
      "discount_pct": 25,
      "image_url": null,
      "off_barcode": null,
      "group_id": null,
      "match_type": null,
      "match_confidence": null,
      "quantity_g": null,
      "quantity_ml": null,
      "price_per_kg": null,
      "price_per_l": null
    },
    {
      "id": 250,
      "name": "El Sabor Тортила чипс\nразлични видове",
      "store": "Kaufland",
      "price": 3.48,
      "old_price": 4.69,
      "discount_pct": 25,
      "image_url": null,
      "off_barcode": null,
      "group_id": null,
      "match_type": null,
      "match_confidence": null,
      "quantity_g": null,
      "quantity_ml": null,
      "price_per_kg": null,
      "price_per_l": null
    },
    {
      "id": 941,
      "name": "Feliciana",
      "store": "Kaufland",
      "price": 2.79,
      "old_price": 3.73,
      "discount_pct": 25,
      "image_url": null,
      "off_barcode": null,
      "group_id": null,
      "match_type": null,
      "match_confidence": null,
      "quantity_g": null,
      "quantity_ml": null,
      "price_per_kg": null,
      "price_per_l": null
    },
    {
      "id": 1218,
      "name": "Ferrero Rocher",
      "store": "Kaufland",
      "price": 5.62,
      "old_price": 7.51,
      "discount_pct": 25,
      "image_url": null,
      "off_barcode": null,
      "group_id": null,
      "match_type": null,
      "match_confidence": null,
      "quantity_g": null,
      "quantity_ml": null,
      "price_per_kg": null,
      "price_per_l": null
    },
    {
      "id": 281,
      "name": "Ferrero Rocher Шоколадови бонбони",
      "store": "Kaufland",
      "price": 10.99,
      "old_price": 14.69,
      "discount_pct": 25,
      "image_url": null,
      "off_barcode": null,
      "group_id": null,
      "match_type": null,
      "match_confidence": null,
      "quantity_g": null,
      "quantity_ml": null,
      "price_per_kg": null,
      "price_per_l": null
    },
    {
      "id": 3227,
      "name": "Fresh & Cool Салата Градински микс\n250 г",
      "store": "Kaufland",
      "price": 2.99,
      "old_price": 3.99,
      "discount_pct": 25,
      "image_url": null,
      "off_barcode": null,
      "group_id": null,
      "match_type": null,
      "match_confidence": null,
      "quantity_g": 250,
      "quantity_ml": null,
      "price_per_kg": 11.96,
      "price_per_l": null
    },
    {
      "id": 940,
      "name": "Galileo",
      "store": "Kaufland",
      "price": 3.06,
      "old_price": 4.09,
      "discount_pct": 25,
      "image_url": null,
      "off_barcode": null,
      "group_id": null,
      "match_type": null,
      "match_confidence": null,
      "quantity_g": null,
      "quantity_ml": null,
      "price_per_kg": null,
      "price_per_l": null
    },
    {
      "id": 998,
      "name": "Gourmet Perle",
      "store": "Kaufland",
      "price": 0.64,
      "old_price": 0.86,
      "discount_pct": 25,
      "image_url": null,
      "off_barcode": null,
      "group_id": null,
      "match_type": null,
      "match_confidence": null,
      "quantity_g": null,
      "quantity_ml": null,
      "price_per_kg": null,
      "price_per_l": null
    },
    {
      "id": 944,
      "name": "ItalPizza",
      "store": "Kaufland",
      "price": 3.06,
      "old_price": 4.09,
      "discount_pct": 25,
      "image_url": null,
      "off_barcode": null,
      "group_id": null,
      "match_type": null,
      "match_confidence": null,
      "quantity_g": null,
      "quantity_ml": null,
      "price_per_kg": null,
      "price_per_l": null
    },
    {
      "id": 3683,
      "name": "K-CLASSIC Носни кърпички\nчетирипластови",
      "store": "Kaufland",
      "price": 2.99,
      "old_price": 3.99,
      "discount_pct": 25,
      "image_url": null,
      "off_barcode": null,
      "group_id": null,
      "match_type": null,
      "match_confidence": null,
      "quantity_g": null,
      "quantity_ml": null,
      "price_per_kg": null,
      "price_per_l": null
    },
    {
      "id": 4747,
      "name": "K-Classic Белени домати\nцели",
      "store": "Kaufland",
      "price": 1.99,
      "old_price": 2.68,
      "discount_pct": 25,
      "image_url": null,
      "off_barcode": null,
      "group_id": null,
      "match_type": null,
      "match_confidence": null,
      "quantity_g": null,
      "quantity_ml": null,
      "price_per_kg": null,
      "price_per_l": null
    },
    {
      "id": 174,
      "name": "K-Classic Скир\nнатурален",
      "store": "Kaufland",
      "price": 2.99,
      "old_price": 3.99,
      "discount_pct": 25,
      "image_url": null,
      "off_barcode": null,
      "group_id": null,
      "match_type": null,
      "match_confidence": null,
      "quantity_g": null,
      "quantity_ml": null,
      "price_per_kg": null,
      "price_per_l": null
    },
    {
      "id": 951,
      "name": "K-Take it Veggie",
      "store": "Kaufland",
      "price": 2.29,
      "old_price": 3.06,
      "discount_pct": 25,
      "image_url": null,
      "off_barcode": null,
      "group_id": null,
      "match_type": null,
      "match_confidence": null,
      "quantity_g": null,
      "quantity_ml": null,
      "price_per_kg": null,
      "price_per_l": null
    },
    {
      "id": 981,
      "name": "Kinder",
      "store": "Kaufland",
      "price": 0.57,
      "old_price": 0.76,
      "discount_pct": 25,
      "image_url": null,
      "off_barcode": null,
      "group_id": null,
      "match_type": null,
      "match_confidence": null,
      "quantity_g": null,
      "quantity_ml": null,
      "price_per_kg": null,
      "price_per_l": null
    },
    {
      "id": 980,
      "name": "Kinder Pingui",
      "store": "Kaufland",
      "price": 2.37,
      "old_price": 3.16,
      "discount_pct": 25,
      "image_url": null,
      "off_barcode": null,
      "group_id": null,
      "match_type": null,
      "match_confidence": null,
      "quantity_g": null,
      "quantity_ml": null,
      "price_per_kg": null,
      "price_per_l": null
    },
    {
      "id": 3518,
      "name": "Kronos Печени ядки\nмикс Делукс",
      "store": "Kaufland",
      "price": 6.45,
      "old_price": 8.68,
      "discount_pct": 25,
      "image_url": null,
      "off_barcode": null,
      "group_id": null,
      "match_type": null,
      "match_confidence": null,
      "quantity_g": null,
      "quantity_ml": null,
      "price_per_kg": null,
      "price_per_l": null
    },
    {
      "id": 1327,
      "name": "L'оreal Men expert",
      "store": "Kaufland",
      "price": 3.06,
      "old_price": 4.09,
      "discount_pct": 25,
      "image_url": null,
      "off_barcode": null,
      "group_id": null,
      "match_type": null,
      "match_confidence": null,
      "quantity_g": null,
      "quantity_ml": null,
      "price_per_kg": null,
      "price_per_l": null
    },
    {
      "id": 3170,
      "name": "L'оreal Men expert Душ гел\nр",
      "store": "Kaufland",
      "price": 5.98,
      "old_price": 8.0,
      "discount_pct": 25,
      "image_url": null,
      "off_barcode": null,
      "group_id": null,
      "match_type": null,
      "match_confidence": null,
      "quantity_g": null,
      "quantity_ml": null,
      "price_per_kg": null,
      "price_per_l": null
    },
    {
      "id": 1266,
      "name": "Le Photographe",
      "store": "Kaufland",
      "price": 9.19,
      "old_price": 12.27,
      "discount_pct": 25,
      "image_url": null,
      "off_barcode": null,
      "group_id": null,
      "match_type": null,
      "match_confidence": null,
      "quantity_g": null,
      "quantity_ml": null,
      "price_per_kg": null,
      "price_per_l": null
    },
    {
      "id": 4375,
      "name": "Le Photographe Червено, Бяло вино или Розе\nразлични сортове",
      "store": "Kaufland",
      "price": 17.97,
      "old_price": 24.0,
      "discount_pct": 25,
      "image_url": null,
      "off_barcode": null,
      "group_id": null,
      "match_type": null,
      "match_confidence": null,
      "quantity_g": null,
      "quantity_ml": null,
      "price_per_kg": null,
      "price_per_l": null
    },
    {
      "id": 964,
      "name": "MAGGI ASIA",
      "store": "Kaufland",
      "price": 2.67,
      "old_price": 3.57,
      "discount_pct": 25,
      "image_url": null,
      "off_barcode": null,
      "group_id": null,
      "match_type": null,
      "match_confidence": null,
      "quantity_g": null,
      "quantity_ml": null,
      "price_per_kg": null,
      "price_per_l": null
    },
    {
      "id": 3385,
      "name": "MILKA CHOCO Кроасан\nразлични вкусове",
      "store": "Kaufland",
      "price": 1.49,
      "old_price": 1.99,
      "discount_pct": 25,
      "image_url": null,
      "off_barcode": null,
      "group_id": null,
      "match_type": null,
      "match_confidence": null,
      "quantity_g": null,
      "quantity_ml": null,
      "price_per_kg": null,
      "price_per_l": null
    },
    {
      "id": 3448,
      "name": "Maggi Фикс или Супа\nразлични видове",
      "store": "Kaufland",
      "price": 1.49,
      "old_price": 1.99,
      "discount_pct": 25,
      "image_url": null,
      "off_barcode": null,
      "group_id": null,
      "match_type": null,
      "match_confidence": null,
      "quantity_g": null,
      "quantity_ml": null,
      "price_per_kg": null,
      "price_per_l": null
    },
    {
      "id": 3449,
      "name": "Maggi Фикс или Супа\\nразлични видове",
      "store": "Kaufland",
      "price": 1.49,
      "old_price": 1.99,
      "discount_pct": 25,
      "image_url": null,
      "off_barcode": null,
      "group_id": null,
      "match_type": null,
      "match_confidence": null,
      "quantity_g": null,
      "quantity_ml": null,
      "price_per_kg": null,
      "price_per_l": null
    },
    {
      "id": 3386,
      "name": "Milka Choco Кроасан\nразлични видове",
      "store": "Kaufland",
      "price": 1.49,
      "old_price": 1.99,
      "discount_pct": 25,
      "image_url": null,
      "off_barcode": null,
      "group_id": null,
      "match_type": null,
      "match_confidence": null,
      "quantity_g": null,
      "quantity_ml": null,
      "price_per_kg": null,
      "price_per_l": null
    },
    {
      "id": 1393,
      "name": "MyProject®",
      "store": "Kaufland",
      "price": 1.53,
      "old_price": 2.04,
      "discount_pct": 25,
      "image_url": null,
      "off_barcode": null,
      "group_id": null,
      "match_type": null,
      "match_confidence": null,
      "quantity_g": null,
      "quantity_ml": null,
      "price_per_kg": null,
      "price_per_l": null
    },
    {
      "id": 474,
      "name": "MyProject® Спрей размразител за стъкла",
      "store": "Kaufland",
      "price": 2.99,
      "old_price": 3.99,
      "discount_pct": 25,
      "image_url": null,
      "off_barcode": null,
      "group_id": null,
      "match_type": null,
      "match_confidence": null,
      "quantity_g": null,
      "quantity_ml": null,
      "price_per_kg": null,
      "price_per_l": null
    },
    {
      "id": 4174,
      "name": "Mорски дявол опашка от нашата витрина",
      "store": "Kaufland",
      "price": 14.24,
      "old_price": 18.99,
      "discount_pct": 25,
      "image_url": null,
      "off_barcode": null,
      "group_id": null,
      "match_type": null,
      "match_confidence": null,
      "quantity_g": null,
      "quantity_ml": null,
      "price_per_kg": null,
      "price_per_l": null
    },
    {
      "id": 3672,
      "name": "NAN Мляко Comfortis",
      "store": "Kaufland",
      "price": 28.99,
      "old_price": 39.0,
      "discount_pct": 25,
      "image_url": null,
      "off_barcode": null,
      "group_id": null,
      "match_type": null,
      "match_confidence": null,
      "quantity_g": null,
      "quantity_ml": null,
      "price_per_kg": null,
      "price_per_l": null
    },
    {
      "id": 4137,
      "name": "NEGRO Разбит хайвер със сьомга\nот свежата витрина",
      "store": "Kaufland",
      "price": 14.24,
      "old_price": 18.99,
      "discount_pct": 25,
      "image_url": null,
      "off_barcode": null,
      "group_id": null,
      "match_type": null,
      "match_confidence": null,
      "quantity_g": null,
      "quantity_ml": null,
      "price_per_kg": null,
      "price_per_l": null
    },
    {
      "id": 3673,
      "name": "Nan 3 Адаптирано мляко Comfortis",
      "store": "Kaufland",
      "price": 28.99,
      "old_price": 39.0,
      "discount_pct": 25,
      "image_url": null,
      "off_barcode": null,
      "group_id": null,
      "match_type": null,
      "match_confidence": null,
      "quantity_g": null,
      "quantity_ml": null,
      "price_per_kg": null,
      "price_per_l": null
    },
    {
      "id": 4164,
      "name": "Ocean Pick Пушена сельодка розова\nот свежата витрина",
      "store": "Kaufland",
      "price": 20.24,
      "old_price": 26.99,
      "discount_pct": 25,
      "image_url": null,
      "off_barcode": null,
      "group_id": null,
      "match_type": null,
      "match_confidence": null,
      "quantity_g": null,
      "quantity_ml": null,
      "price_per_kg": null,
      "price_per_l": null
    },
    {
      "id": 4115,
      "name": "Ocean Салата Морски дар\nот свежата витрина",
      "store": "Kaufland",
      "price": 20.24,
      "old_price": 26.99,
      "discount_pct": 25,
      "image_url": null,
      "off_barcode": null,
      "group_id": null,
      "match_type": null,
      "match_confidence": null,
      "quantity_g": null,
      "quantity_ml": null,
      "price_per_kg": null,
      "price_per_l": null
    },
    {
      "id": 844,
      "name": "Olympus натурален сок морков, ябълка и портокал 1 л",
      "store": "Billa",
      "price": 2.55,
      "old_price": 3.42,
      "discount_pct": 25,
      "image_url": null,
      "off_barcode": null,
      "group_id": null,
      "match_type": null,
      "match_confidence": null,
      "quantity_g": null,
      "quantity_ml": 1000,
      "price_per_kg": null,
      "price_per_l": 2.55
    },
    {
      "id": 4530,
      "name": "Osram LED крушка\nЕ27, 19 W",
      "store": "Kaufland",
      "price": 11.99,
      "old_price": 16.0,
      "discount_pct": 25,
      "image_url": null,
      "off_barcode": null,
      "group_id": null,
      "match_type": null,
      "match_confidence": null,
      "quantity_g": null,
      "quantity_ml": null,
      "price_per_kg": null,
      "price_per_l": null
    },
    {
      "id": 947,
      "name": "PASSIONATA",
      "store": "Kaufland",
      "price": 2.29,
      "old_price": 3.06,
      "discount_pct": 25,
      "image_url": null,
      "off_barcode": null,
      "group_id": null,
      "match_type": null,
      "match_confidence": null,
      "quantity_g": null,
      "quantity_ml": null,
      "price_per_kg": null,
      "price_per_l": null
    },
    {
      "id": 4036,
      "name": "Pantene Олио, Маска или Серум за\\nкоса",
      "store": "Kaufland",
      "price": 2.99,
      "old_price": 3.99,
      "discount_pct": 25,
      "image_url": null,
      "off_barcode": null,
      "group_id": null,
      "match_type": null,
      "match_confidence": null,
      "quantity_g": null,
      "quantity_ml": null,
      "price_per_kg": null,
      "price_per_l": null
    },
    {
      "id": 946,
      "name": "Pinsa Romana",
      "store": "Kaufland",
      "price": 2.67,
      "old_price": 3.57,
      "discount_pct": 25,
      "image_url": null,
      "off_barcode": null,
      "group_id": null,
      "match_type": null,
      "match_confidence": null,
      "quantity_g": null,
      "quantity_ml": null,
      "price_per_kg": null,
      "price_per_l": null
    },
    {
      "id": 1364,
      "name": "Pom Bar",
      "store": "Kaufland",
      "price": 1.37,
      "old_price": 1.84,
      "discount_pct": 25,
      "image_url": null,
      "off_barcode": null,
      "group_id": null,
      "match_type": null,
      "match_confidence": null,
      "quantity_g": null,
      "quantity_ml": null,
      "price_per_kg": null,
      "price_per_l": null
    },
    {
      "id": 446,
      "name": "Pom Bar Картофени мечета\nразлични вкусове",
      "store": "Kaufland",
      "price": 2.68,
      "old_price": 3.6,
      "discount_pct": 25,
      "image_url": null,
      "off_barcode": null,
      "group_id": null,
      "match_type": null,
      "match_confidence": null,
      "quantity_g": null,
      "quantity_ml": null,
      "price_per_kg": null,
      "price_per_l": null
    },
    {
      "id": 1362,
      "name": "Roku",
      "store": "Kaufland",
      "price": 24.53,
      "old_price": 32.72,
      "discount_pct": 25,
      "image_url": null,
      "off_barcode": null,
      "group_id": null,
      "match_type": null,
      "match_confidence": null,
      "quantity_g": null,
      "quantity_ml": null,
      "price_per_kg": null,
      "price_per_l": null
    },
    {
      "id": 444,
      "name": "Roku Джин\n43% vol",
      "store": "Kaufland",
      "price": 47.98,
      "old_price": 63.99,
      "discount_pct": 25,
      "image_url": null,
      "off_barcode": null,
      "group_id": null,
      "match_type": null,
      "match_confidence": null,
      "quantity_g": null,
      "quantity_ml": null,
      "price_per_kg": null,
      "price_per_l": null
    },
    {
      "id": 4089,
      "name": "STARFISH Сьомга филе\nкайзеровано",
      "store": "Kaufland",
      "price": 34.48,
      "old_price": 45.98,
      "discount_pct": 25,
      "image_url": null,
      "off_barcode": null,
      "group_id": null,
      "match_type": null,
      "match_confidence": null,
      "quantity_g": null,
      "quantity_ml": null,
      "price_per_kg": null,
      "price_per_l": null
    },
    {
      "id": 3285,
      "name": "Starfish Мариновани рибни\nспециалитети",
      "store": "Kaufland",
      "price": 5.98,
      "old_price": 8.0,
      "discount_pct": 25,
      "image_url": null,
      "off_barcode": null,
      "group_id": null,
      "match_type": null,
      "match_confidence": null,
      "quantity_g": null,
      "quantity_ml": null,
      "price_per_kg": null,
      "price_per_l": null
    },
    {
      "id": 4135,
      "name": "Starfish Салата с пушена сьомга\nот нашата витрина",
      "store": "Kaufland",
      "price": 29.98,
      "old_price": 40.0,
      "discount_pct": 25,
      "image_url": null,
      "off_barcode": null,
      "group_id": null,
      "match_type": null,
      "match_confidence": null,
      "quantity_g": null,
      "quantity_ml": null,
      "price_per_kg": null,
      "price_per_l": null
    },
    {
      "id": 4080,
      "name": "Südtirol Ябълки Пинк лейди",
      "store": "Kaufland",
      "price": 5.98,
      "old_price": 8.0,
      "discount_pct": 25,
      "image_url": null,
      "off_barcode": null,
      "group_id": null,
      "match_type": null,
      "match_confidence": null,
      "quantity_g": null,
      "quantity_ml": null,
      "price_per_kg": null,
      "price_per_l": null
    },
    {
      "id": 962,
      "name": "VASELINE",
      "store": "Kaufland",
      "price": 1.53,
      "old_price": 2.04,
      "discount_pct": 25,
      "image_url": null,
      "off_barcode": null,
      "group_id": null,
      "match_type": null,
      "match_confidence": null,
      "quantity_g": null,
      "quantity_ml": null,
      "price_per_kg": null,
      "price_per_l": null
    },
    {
      "id": 4113,
      "name": "VICI Салата Сурими с броколи\nот нашата витрина",
      "store": "Kaufland",
      "price": 10.41,
      "old_price": 13.89,
      "discount_pct": 25,
      "image_url": null,
      "off_barcode": null,
      "group_id": null,
      "match_type": null,
      "match_confidence": null,
      "quantity_g": null,
      "quantity_ml": null,
      "price_per_kg": null,
      "price_per_l": null
    },
    {
      "id": 4152,
      "name": "VICI Сельодка филе\nот нашата витрина",
      "store": "Kaufland",
      "price": 14.98,
      "old_price": 19.99,
      "discount_pct": 25,
      "image_url": null,
      "off_barcode": null,
      "group_id": null,
      "match_type": null,
      "match_confidence": null,
      "quantity_g": null,
      "quantity_ml": null,
      "price_per_kg": null,
      "price_per_l": null
    },
    {
      "id": 4207,
      "name": "Vici Салата от сурими, зеленчуци\nи бял сос",
      "store": "Kaufland",
      "price": 12.73,
      "old_price": 16.98,
      "discount_pct": 25,
      "image_url": null,
      "off_barcode": null,
      "group_id": null,
      "match_type": null,
      "match_confidence": null,
      "quantity_g": null,
      "quantity_ml": null,
      "price_per_kg": null,
      "price_per_l": null
    },
    {
      "id": 634,
      "name": "Акумулаторна батерия и зарядно устройство",
      "store": "Lidl",
      "price": 8.79,
      "old_price": 11.75,
      "discount_pct": 25,
      "image_url": null,
      "off_barcode": null,
      "group_id": null,
      "match_type": null,
      "match_confidence": null,
      "quantity_g": null,
      "quantity_ml": null,
      "price_per_kg": null,
      "price_per_l": null
    },
    {
      "id": 4098,
      "name": "Аншоа маринована в олио от свежата витрина",
      "store": "Kaufland",
      "price": 18.74,
      "old_price": 25.0,
      "discount_pct": 25,
      "image_url": null,
      "off_barcode": null,
      "group_id": null,
      "match_type": null,
      "match_confidence": null,
      "quantity_g": null,
      "quantity_ml": null,
      "price_per_kg": null,
      "price_per_l": null
    },
    {
      "id": 4108,
      "name": "Ариел Фиш Рибна салата Ариел\nот нашата витрина",
      "store": "Kaufland",
      "price": 20.24,
      "old_price": 26.99,
      "discount_pct": 25,
      "image_url": null,
      "off_barcode": null,
      "group_id": null,
      "match_type": null,
      "match_confidence": null,
      "quantity_g": null,
      "quantity_ml": null,
      "price_per_kg": null,
      "price_per_l": null
    },
    {
      "id": 4139,
      "name": "Ариел Фиш Салата Гръцко мезе",
      "store": "Kaufland",
      "price": 22.47,
      "old_price": 29.98,
      "discount_pct": 25,
      "image_url": null,
      "off_barcode": null,
      "group_id": null,
      "match_type": null,
      "match_confidence": null,
      "quantity_g": null,
      "quantity_ml": null,
      "price_per_kg": null,
      "price_per_l": null
    },
    {
      "id": 4138,
      "name": "Ариел Фиш Салата Фрути ди маре\nот свежата витрина",
      "store": "Kaufland",
      "price": 26.23,
      "old_price": 34.99,
      "discount_pct": 25,
      "image_url": null,
      "off_barcode": null,
      "group_id": null,
      "match_type": null,
      "match_confidence": null,
      "quantity_g": null,
      "quantity_ml": null,
      "price_per_kg": null,
      "price_per_l": null
    },
    {
      "id": 4172,
      "name": "Ариел Фиш Хайвер\nот свежата витрина",
      "store": "Kaufland",
      "price": 14.24,
      "old_price": 18.99,
      "discount_pct": 25,
      "image_url": null,
      "off_barcode": null,
      "group_id": null,
      "match_type": null,
      "match_confidence": null,
      "quantity_g": null,
      "quantity_ml": null,
      "price_per_kg": null,
      "price_per_l": null
    },
    {
      "id": 4119,
      "name": "Балканска пъстърва чистена",
      "store": "Kaufland",
      "price": 14.98,
      "old_price": 19.99,
      "discount_pct": 25,
      "image_url": null,
      "off_barcode": null,
      "group_id": null,
      "match_type": null,
      "match_confidence": null,
      "quantity_g": null,
      "quantity_ml": null,
      "price_per_kg": null,
      "price_per_l": null
    },
    {
      "id": 4095,
      "name": "Бейби калмари мариновани\nот свежата витрина",
      "store": "Kaufland",
      "price": 41.25,
      "old_price": 55.0,
      "discount_pct": 25,
      "image_url": null,
      "off_barcode": null,
      "group_id": null,
      "match_type": null,
      "match_confidence": null,
      "quantity_g": null,
      "quantity_ml": null,
      "price_per_kg": null,
      "price_per_l": null
    },
    {
      "id": 4096,
      "name": "Бейби октоподи мариновани",
      "store": "Kaufland",
      "price": 48.74,
      "old_price": 64.99,
      "discount_pct": 25,
      "image_url": null,
      "off_barcode": null,
      "group_id": null,
      "match_type": null,
      "match_confidence": null,
      "quantity_g": null,
      "quantity_ml": null,
      "price_per_kg": null,
      "price_per_l": null
    },
    {
      "id": 6138,
      "name": "Бикини",
      "store": "Lidl",
      "price": 9.49,
      "old_price": 12.77,
      "discount_pct": 25,
      "image_url": null,
      "off_barcode": null,
      "group_id": null,
      "match_type": null,
      "match_confidence": null,
      "quantity_g": null,
      "quantity_ml": null,
      "price_per_kg": null,
      "price_per_l": null
    },
    {
      "id": 4194,
      "name": "Бяла Река Сьомгова пъстърва\nот свежата витрина",
      "store": "Kaufland",
      "price": 14.98,
      "old_price": 19.99,
      "discount_pct": 25,
      "image_url": null,
      "off_barcode": null,
      "group_id": null,
      "match_type": null,
      "match_confidence": null,
      "quantity_g": null,
      "quantity_ml": null,
      "price_per_kg": null,
      "price_per_l": null
    },
    {
      "id": 993,
      "name": "ВЕДРАРЕ",
      "store": "Kaufland",
      "price": 4.59,
      "old_price": 6.13,
      "discount_pct": 25,
      "image_url": null,
      "off_barcode": null,
      "group_id": null,
      "match_type": null,
      "match_confidence": null,
      "quantity_g": null,
      "quantity_ml": null,
      "price_per_kg": null,
      "price_per_l": null
    },
    {
      "id": 3290,
      "name": "Верея Кисело мляко",
      "store": "Kaufland",
      "price": 1.29,
      "old_price": 1.74,
      "discount_pct": 25,
      "image_url": null,
      "off_barcode": null,
      "group_id": "g_c16a5320",
      "match_type": "name_similarity",
      "match_confidence": 0.78,
      "quantity_g": null,
      "quantity_ml": null,
      "price_per_kg": null,
      "price_per_l": null
    },
    {
      "id": 769,
      "name": "Верея Чудно Кисело мляко 5% 400 г",
      "store": "Billa",
      "price": 0.76,
      "old_price": 1.02,
      "discount_pct": 25,
      "image_url": null,
      "off_barcode": null,
      "group_id": "g_c16a5320",
      "match_type": "name_similarity",
      "match_confidence": 0.78,
      "quantity_g": 400,
      "quantity_ml": null,
      "price_per_kg": 1.9,
      "price_per_l": null
    },
    {
      "id": 630,
      "name": "Гланц за съдомиялна машина",
      "store": "Lidl",
      "price": 26.79,
      "old_price": 35.79,
      "discount_pct": 25,
      "image_url": null,
      "off_barcode": null,
      "group_id": null,
      "match_type": null,
      "match_confidence": null,
      "quantity_g": null,
      "quantity_ml": null,
      "price_per_kg": null,
      "price_per_l": null
    },
    {
      "id": 4090,
      "name": "Градинска рибна салата от свежата витрина",
      "store": "Kaufland",
      "price": 22.47,
      "old_price": 29.98,
      "discount_pct": 25,
      "image_url": null,
      "off_barcode": null,
      "group_id": null,
      "match_type": null,
      "match_confidence": null,
      "quantity_g": null,
      "quantity_ml": null,
      "price_per_kg": null,
      "price_per_l": null
    },
    {
      "id": 4140,
      "name": "Денито Хайвер с маслинова паста",
      "store": "Kaufland",
      "price": 6.75,
      "old_price": 9.0,
      "discount_pct": 25,
      "image_url": null,
      "off_barcode": null,
      "group_id": null,
      "match_type": null,
      "match_confidence": null,
      "quantity_g": null,
      "quantity_ml": null,
      "price_per_kg": null,
      "price_per_l": null
    },
    {
      "id": 6113,
      "name": "Детска етажерка",
      "store": "Lidl",
      "price": 9.56,
      "old_price": 12.78,
      "discount_pct": 25,
      "image_url": null,
      "off_barcode": null,
      "group_id": null,
      "match_type": null,
      "match_confidence": null,
      "quantity_g": null,
      "quantity_ml": null,
      "price_per_kg": null,
      "price_per_l": null
    },
    {
      "id": 3292,
      "name": "Димитър Маджаров Прясно мляко\n3,6% масленост",
      "store": "Kaufland",
      "price": 2.99,
      "old_price": 3.99,
      "discount_pct": 25,
      "image_url": null,
      "off_barcode": null,
      "group_id": null,
      "match_type": null,
      "match_confidence": null,
      "quantity_g": null,
      "quantity_ml": null,
      "price_per_kg": null,
      "price_per_l": null
    },
    {
      "id": 768,
      "name": "Дончево яйца от подово оглеждани кокошки, размер M - 10 броя в опаковка",
      "store": "Billa",
      "price": 2.25,
      "old_price": 3.04,
      "discount_pct": 25,
      "image_url": null,
      "off_barcode": null,
      "group_id": null,
      "match_type": null,
      "match_confidence": null,
      "quantity_g": null,
      "quantity_ml": null,
      "price_per_kg": null,
      "price_per_l": null
    },
    {
      "id": 6105,
      "name": "Екзотичен сос",
      "store": "Lidl",
      "price": 6.89,
      "old_price": 9.2,
      "discount_pct": 25,
      "image_url": null,
      "off_barcode": null,
      "group_id": null,
      "match_type": null,
      "match_confidence": null,
      "quantity_g": null,
      "quantity_ml": null,
      "price_per_kg": null,
      "price_per_l": null
    },
    {
      "id": 4184,
      "name": "Зарган от свежата витрина",
      "store": "Kaufland",
      "price": 14.24,
      "old_price": 18.99,
      "discount_pct": 25,
      "image_url": null,
      "off_barcode": null,
      "group_id": null,
      "match_type": null,
      "match_confidence": null,
      "quantity_g": null,
      "quantity_ml": null,
      "price_per_kg": null,
      "price_per_l": null
    },
    {
      "id": 5745,
      "name": "Италианска салата",
      "store": "Lidl",
      "price": 1.14,
      "old_price": 1.53,
      "discount_pct": 25,
      "image_url": null,
      "off_barcode": null,
      "group_id": null,
      "match_type": null,
      "match_confidence": null,
      "quantity_g": null,
      "quantity_ml": null,
      "price_per_kg": null,
      "price_per_l": null
    },
    {
      "id": 1111,
      "name": "ЙОВЧЕВ",
      "store": "Kaufland",
      "price": 2.29,
      "old_price": 3.06,
      "discount_pct": 25,
      "image_url": null,
      "off_barcode": null,
      "group_id": null,
      "match_type": null,
      "match_confidence": null,
      "quantity_g": null,
      "quantity_ml": null,
      "price_per_kg": null,
      "price_per_l": null
    },
    {
      "id": 4309,
      "name": "ЙОВЧЕВ Домашно кисело мляко",
      "store": "Kaufland",
      "price": 4.48,
      "old_price": 5.98,
      "discount_pct": 25,
      "image_url": null,
      "off_barcode": null,
      "group_id": null,
      "match_type": null,
      "match_confidence": null,
      "quantity_g": null,
      "quantity_ml": null,
      "price_per_kg": null,
      "price_per_l": null
    },
    {
      "id": 4078,
      "name": "КФМ Шунка\nразлични видове",
      "store": "Kaufland",
      "price": 4.48,
      "old_price": 5.98,
      "discount_pct": 25,
      "image_url": null,
      "off_barcode": null,
      "group_id": null,
      "match_type": null,
      "match_confidence": null,
      "quantity_g": null,
      "quantity_ml": null,
      "price_per_kg": null,
      "price_per_l": null
    },
    {
      "id": 4182,
      "name": "Калкан",
      "store": "Kaufland",
      "price": 21.73,
      "old_price": 28.99,
      "discount_pct": 25,
      "image_url": null,
      "off_barcode": null,
      "group_id": null,
      "match_type": null,
      "match_confidence": null,
      "quantity_g": null,
      "quantity_ml": null,
      "price_per_kg": null,
      "price_per_l": null
    },
    {
      "id": 4154,
      "name": "Калкан от свежата витрина",
      "store": "Kaufland",
      "price": 28.48,
      "old_price": 37.98,
      "discount_pct": 25,
      "image_url": null,
      "off_barcode": null,
      "group_id": null,
      "match_type": null,
      "match_confidence": null,
      "quantity_g": null,
      "quantity_ml": null,
      "price_per_kg": null,
      "price_per_l": null
    },
    {
      "id": 4198,
      "name": "Калмари лолиго от нашата витрина",
      "store": "Kaufland",
      "price": 8.16,
      "old_price": 10.89,
      "discount_pct": 25,
      "image_url": null,
      "off_barcode": null,
      "group_id": null,
      "match_type": null,
      "match_confidence": null,
      "quantity_g": null,
      "quantity_ml": null,
      "price_per_kg": null,
      "price_per_l": null
    },
    {
      "id": 4205,
      "name": "Калмари туби от свежата витрина",
      "store": "Kaufland",
      "price": 15.72,
      "old_price": 20.99,
      "discount_pct": 25,
      "image_url": null,
      "off_barcode": null,
      "group_id": null,
      "match_type": null,
      "match_confidence": null,
      "quantity_g": null,
      "quantity_ml": null,
      "price_per_kg": null,
      "price_per_l": null
    },
    {
      "id": 3519,
      "name": "Кашу печено",
      "store": "Kaufland",
      "price": 23.98,
      "old_price": 32.0,
      "discount_pct": 25,
      "image_url": null,
      "off_barcode": null,
      "group_id": null,
      "match_type": null,
      "match_confidence": null,
      "quantity_g": null,
      "quantity_ml": null,
      "price_per_kg": null,
      "price_per_l": null
    },
    {
      "id": 4183,
      "name": "Кефал от свежата витрина",
      "store": "Kaufland",
      "price": 8.23,
      "old_price": 10.99,
      "discount_pct": 25,
      "image_url": null,
      "off_barcode": null,
      "group_id": null,
      "match_type": null,
      "match_confidence": null,
      "quantity_g": null,
      "quantity_ml": null,
      "price_per_kg": null,
      "price_per_l": null
    },
    {
      "id": 6115,
      "name": "Кралски печурки",
      "store": "Lidl",
      "price": 1.53,
      "old_price": 2.04,
      "discount_pct": 25,
      "image_url": null,
      "off_barcode": null,
      "group_id": null,
      "match_type": null,
      "match_confidence": null,
      "quantity_g": null,
      "quantity_ml": null,
      "price_per_kg": null,
      "price_per_l": null
    },
    {
      "id": 4093,
      "name": "Лаврак изчистен",
      "store": "Kaufland",
      "price": 17.6,
      "old_price": 23.49,
      "discount_pct": 25,
      "image_url": null,
      "off_barcode": null,
      "group_id": null,
      "match_type": null,
      "match_confidence": null,
      "quantity_g": null,
      "quantity_ml": null,
      "price_per_kg": null,
      "price_per_l": null
    },
    {
      "id": 4206,
      "name": "Лаврак от свежата витрина",
      "store": "Kaufland",
      "price": 17.6,
      "old_price": 23.49,
      "discount_pct": 25,
      "image_url": null,
      "off_barcode": null,
      "group_id": null,
      "match_type": null,
      "match_confidence": null,
      "quantity_g": null,
      "quantity_ml": null,
      "price_per_kg": null,
      "price_per_l": null
    },
    {
      "id": 4126,
      "name": "Лаврак филе",
      "store": "Kaufland",
      "price": 35.99,
      "old_price": 48.0,
      "discount_pct": 25,
      "image_url": null,
      "off_barcode": null,
      "group_id": null,
      "match_type": null,
      "match_confidence": null,
      "quantity_g": null,
      "quantity_ml": null,
      "price_per_kg": null,
      "price_per_l": null
    },
    {
      "id": 4162,
      "name": "Лефер пресен",
      "store": "Kaufland",
      "price": 17.23,
      "old_price": 22.98,
      "discount_pct": 25,
      "image_url": null,
      "off_barcode": null,
      "group_id": null,
      "match_type": null,
      "match_confidence": null,
      "quantity_g": null,
      "quantity_ml": null,
      "price_per_kg": null,
      "price_per_l": null
    },
    {
      "id": 4105,
      "name": "Мариновани пипала от калмари",
      "store": "Kaufland",
      "price": 14.24,
      "old_price": 18.99,
      "discount_pct": 25,
      "image_url": null,
      "off_barcode": null,
      "group_id": null,
      "match_type": null,
      "match_confidence": null,
      "quantity_g": null,
      "quantity_ml": null,
      "price_per_kg": null,
      "price_per_l": null
    },
    {
      "id": 4092,
      "name": "Маятико / Хамачи филе размразено",
      "store": "Kaufland",
      "price": 28.48,
      "old_price": 37.98,
      "discount_pct": 25,
      "image_url": null,
      "off_barcode": null,
      "group_id": null,
      "match_type": null,
      "match_confidence": null,
      "quantity_g": null,
      "quantity_ml": null,
      "price_per_kg": null,
      "price_per_l": null
    },
    {
      "id": 1368,
      "name": "Меtаxa 7*",
      "store": "Kaufland",
      "price": 19.16,
      "old_price": 25.56,
      "discount_pct": 25,
      "image_url": null,
      "off_barcode": null,
      "group_id": null,
      "match_type": null,
      "match_confidence": null,
      "quantity_g": null,
      "quantity_ml": null,
      "price_per_kg": null,
      "price_per_l": null
    },
    {
      "id": 450,
      "name": "Меtаxa 7* Бренди\n40% vol",
      "store": "Kaufland",
      "price": 37.47,
      "old_price": 49.99,
      "discount_pct": 25,
      "image_url": null,
      "off_barcode": null,
      "group_id": null,
      "match_type": null,
      "match_confidence": null,
      "quantity_g": null,
      "quantity_ml": null,
      "price_per_kg": null,
      "price_per_l": null
    },
    {
      "id": 4122,
      "name": "Мерлуза филе от нашата витрина",
      "store": "Kaufland",
      "price": 11.99,
      "old_price": 16.0,
      "discount_pct": 25,
      "image_url": null,
      "off_barcode": null,
      "group_id": null,
      "match_type": null,
      "match_confidence": null,
      "quantity_g": null,
      "quantity_ml": null,
      "price_per_kg": null,
      "price_per_l": null
    },
    {
      "id": 1029,
      "name": "Микс бейби салатки",
      "store": "Kaufland",
      "price": 1.53,
      "old_price": 2.04,
      "discount_pct": 25,
      "image_url": null,
      "off_barcode": null,
      "group_id": null,
      "match_type": null,
      "match_confidence": null,
      "quantity_g": null,
      "quantity_ml": null,
      "price_per_kg": null,
      "price_per_l": null
    },
    {
      "id": 4279,
      "name": "Микс бейби салатки с или без рукола",
      "store": "Kaufland",
      "price": 2.99,
      "old_price": 3.99,
      "discount_pct": 25,
      "image_url": null,
      "off_barcode": null,
      "group_id": null,
      "match_type": null,
      "match_confidence": null,
      "quantity_g": null,
      "quantity_ml": null,
      "price_per_kg": null,
      "price_per_l": null
    },
    {
      "id": 4175,
      "name": "Милокоп от свежата витрина",
      "store": "Kaufland",
      "price": 18.74,
      "old_price": 25.0,
      "discount_pct": 25,
      "image_url": null,
      "off_barcode": null,
      "group_id": null,
      "match_type": null,
      "match_confidence": null,
      "quantity_g": null,
      "quantity_ml": null,
      "price_per_kg": null,
      "price_per_l": null
    },
    {
      "id": 4111,
      "name": "Милокоп филе",
      "store": "Kaufland",
      "price": 37.49,
      "old_price": 49.99,
      "discount_pct": 25,
      "image_url": null,
      "off_barcode": null,
      "group_id": null,
      "match_type": null,
      "match_confidence": null,
      "quantity_g": null,
      "quantity_ml": null,
      "price_per_kg": null,
      "price_per_l": null
    },
    {
      "id": 3280,
      "name": "Несебърски бисер Мариновани шпроти",
      "store": "Kaufland",
      "price": 2.68,
      "old_price": 3.58,
      "discount_pct": 25,
      "image_url": null,
      "off_barcode": null,
      "group_id": null,
      "match_type": null,
      "match_confidence": null,
      "quantity_g": null,
      "quantity_ml": null,
      "price_per_kg": null,
      "price_per_l": null
    },
    {
      "id": 4142,
      "name": "Нилски костур филе",
      "store": "Kaufland",
      "price": 22.47,
      "old_price": 29.98,
      "discount_pct": 25,
      "image_url": null,
      "off_barcode": null,
      "group_id": null,
      "match_type": null,
      "match_confidence": null,
      "quantity_g": null,
      "quantity_ml": null,
      "price_per_kg": null,
      "price_per_l": null
    },
    {
      "id": 728,
      "name": "Ново в Billa - Закуска с халапеньо От Billa пекарна 100 г Billa Ready",
      "store": "Billa",
      "price": 0.59,
      "old_price": 0.79,
      "discount_pct": 25,
      "image_url": null,
      "off_barcode": null,
      "group_id": null,
      "match_type": null,
      "match_confidence": null,
      "quantity_g": 100,
      "quantity_ml": null,
      "price_per_kg": 5.9,
      "price_per_l": null
    },
    {
      "id": 4132,
      "name": "Октопод от нашата витрина",
      "store": "Kaufland",
      "price": 17.99,
      "old_price": 24.0,
      "discount_pct": 25,
      "image_url": null,
      "off_barcode": null,
      "group_id": null,
      "match_type": null,
      "match_confidence": null,
      "quantity_g": null,
      "quantity_ml": null,
      "price_per_kg": null,
      "price_per_l": null
    },
    {
      "id": 4148,
      "name": "Октопод от свежата витрина",
      "store": "Kaufland",
      "price": 14.24,
      "old_price": 18.99,
      "discount_pct": 25,
      "image_url": null,
      "off_barcode": null,
      "group_id": null,
      "match_type": null,
      "match_confidence": null,
      "quantity_g": null,
      "quantity_ml": null,
      "price_per_kg": null,
      "price_per_l": null
    },
    {
      "id": 4167,
      "name": "Омар от нашата витрина",
      "store": "Kaufland",
      "price": 37.49,
      "old_price": 49.99,
      "discount_pct": 25,
      "image_url": null,
      "off_barcode": null,
      "group_id": null,
      "match_type": null,
      "match_confidence": null,
      "quantity_g": null,
      "quantity_ml": null,
      "price_per_kg": null,
      "price_per_l": null
    },
    {
      "id": 4196,
      "name": "Паламуд",
      "store": "Kaufland",
      "price": 10.48,
      "old_price": 13.98,
      "discount_pct": 25,
      "image_url": null,
      "off_barcode": null,
      "group_id": null,
      "match_type": null,
      "match_confidence": null,
      "quantity_g": null,
      "quantity_ml": null,
      "price_per_kg": null,
      "price_per_l": null
    },
    {
      "id": 4099,
      "name": "Паламуд пушен",
      "store": "Kaufland",
      "price": 22.47,
      "old_price": 29.98,
      "discount_pct": 25,
      "image_url": null,
      "off_barcode": null,
      "group_id": null,
      "match_type": null,
      "match_confidence": null,
      "quantity_g": null,
      "quantity_ml": null,
      "price_per_kg": null,
      "price_per_l": null
    },
    {
      "id": 4100,
      "name": "Паламуд студено-пушен",
      "store": "Kaufland",
      "price": 14.24,
      "old_price": 18.99,
      "discount_pct": 25,
      "image_url": null,
      "off_barcode": null,
      "group_id": null,
      "match_type": null,
      "match_confidence": null,
      "quantity_g": null,
      "quantity_ml": null,
      "price_per_kg": null,
      "price_per_l": null
    },
    {
      "id": 4202,
      "name": "Пангасиус филе размразено",
      "store": "Kaufland",
      "price": 11.99,
      "old_price": 16.0,
      "discount_pct": 25,
      "image_url": null,
      "off_barcode": null,
      "group_id": null,
      "match_type": null,
      "match_confidence": null,
      "quantity_g": null,
      "quantity_ml": null,
      "price_per_kg": null,
      "price_per_l": null
    },
    {
      "id": 945,
      "name": "Пица Неаполетана",
      "store": "Kaufland",
      "price": 3.83,
      "old_price": 5.11,
      "discount_pct": 25,
      "image_url": null,
      "off_barcode": null,
      "group_id": null,
      "match_type": null,
      "match_confidence": null,
      "quantity_g": null,
      "quantity_ml": null,
      "price_per_kg": null,
      "price_per_l": null
    },
    {
      "id": 4088,
      "name": "Попче Размразено",
      "store": "Kaufland",
      "price": 8.23,
      "old_price": 10.99,
      "discount_pct": 25,
      "image_url": null,
      "off_barcode": null,
      "group_id": null,
      "match_type": null,
      "match_confidence": null,
      "quantity_g": null,
      "quantity_ml": null,
      "price_per_kg": null,
      "price_per_l": null
    },
    {
      "id": 469,
      "name": "Престиж Бисквити\nтунквани",
      "store": "Kaufland",
      "price": 3.66,
      "old_price": 4.89,
      "discount_pct": 25,
      "image_url": null,
      "off_barcode": null,
      "group_id": null,
      "match_type": null,
      "match_confidence": null,
      "quantity_g": null,
      "quantity_ml": null,
      "price_per_kg": null,
      "price_per_l": null
    },
    {
      "id": 779,
      "name": "Престиж Суха паста 50 г Произход - България",
      "store": "Billa",
      "price": 0.3,
      "old_price": 0.4,
      "discount_pct": 25,
      "image_url": null,
      "off_barcode": null,
      "group_id": null,
      "match_type": null,
      "match_confidence": null,
      "quantity_g": 50,
      "quantity_ml": null,
      "price_per_kg": 6.0,
      "price_per_l": null
    },
    {
      "id": 4195,
      "name": "Пъстърва изчистена, прясна",
      "store": "Kaufland",
      "price": 11.23,
      "old_price": 14.98,
      "discount_pct": 25,
      "image_url": null,
      "off_barcode": null,
      "group_id": null,
      "match_type": null,
      "match_confidence": null,
      "quantity_g": null,
      "quantity_ml": null,
      "price_per_kg": null,
      "price_per_l": null
    },
    {
      "id": 4203,
      "name": "Пъстърва филе от свежата витрина",
      "store": "Kaufland",
      "price": 18.74,
      "old_price": 25.0,
      "discount_pct": 25,
      "image_url": null,
      "off_barcode": null,
      "group_id": null,
      "match_type": null,
      "match_confidence": null,
      "quantity_g": null,
      "quantity_ml": null,
      "price_per_kg": null,
      "price_per_l": null
    },
    {
      "id": 5723,
      "name": "Реколта Царска туршия",
      "store": "Lidl",
      "price": 3.83,
      "old_price": 5.11,
      "discount_pct": 25,
      "image_url": null,
      "off_barcode": null,
      "group_id": null,
      "match_type": null,
      "match_confidence": null,
      "quantity_g": null,
      "quantity_ml": null,
      "price_per_kg": null,
      "price_per_l": null
    },
    {
      "id": 4204,
      "name": "Риба тон филе от свежата витрина",
      "store": "Kaufland",
      "price": 31.49,
      "old_price": 41.99,
      "discount_pct": 25,
      "image_url": null,
      "off_barcode": null,
      "group_id": null,
      "match_type": null,
      "match_confidence": null,
      "quantity_g": null,
      "quantity_ml": null,
      "price_per_kg": null,
      "price_per_l": null
    },
    {
      "id": 4091,
      "name": "Рибна салата с маслини от свежата витрина",
      "store": "Kaufland",
      "price": 22.47,
      "old_price": 29.98,
      "discount_pct": 25,
      "image_url": null,
      "off_barcode": null,
      "group_id": null,
      "match_type": null,
      "match_confidence": null,
      "quantity_g": null,
      "quantity_ml": null,
      "price_per_kg": null,
      "price_per_l": null
    },
    {
      "id": 4016,
      "name": "Роден край Oбикновени вафли",
      "store": "Kaufland",
      "price": 4.48,
      "old_price": 5.98,
      "discount_pct": 25,
      "image_url": null,
      "off_barcode": null,
      "group_id": null,
      "match_type": null,
      "match_confidence": null,
      "quantity_g": null,
      "quantity_ml": null,
      "price_per_kg": null,
      "price_per_l": null
    },
    {
      "id": 4015,
      "name": "Роден край Обикновени бисквити",
      "store": "Kaufland",
      "price": 1.64,
      "old_price": 2.19,
      "discount_pct": 25,
      "image_url": null,
      "off_barcode": null,
      "group_id": null,
      "match_type": null,
      "match_confidence": null,
      "quantity_g": null,
      "quantity_ml": null,
      "price_per_kg": null,
      "price_per_l": null
    },
    {
      "id": 4209,
      "name": "Розова сельодка от нашата витрина",
      "store": "Kaufland",
      "price": 12.38,
      "old_price": 16.51,
      "discount_pct": 25,
      "image_url": null,
      "off_barcode": null,
      "group_id": null,
      "match_type": null,
      "match_confidence": null,
      "quantity_g": null,
      "quantity_ml": null,
      "price_per_kg": null,
      "price_per_l": null
    },
    {
      "id": 4149,
      "name": "Салата Херинга хайвер със сьомга\nот нашата витрина",
      "store": "Kaufland",
      "price": 2.91,
      "old_price": 3.89,
      "discount_pct": 25,
      "image_url": null,
      "off_barcode": null,
      "group_id": null,
      "match_type": null,
      "match_confidence": null,
      "quantity_g": null,
      "quantity_ml": null,
      "price_per_kg": null,
      "price_per_l": null
    },
    {
      "id": 4107,
      "name": "Салата херинга с пресен копър",
      "store": "Kaufland",
      "price": 17.99,
      "old_price": 24.0,
      "discount_pct": 25,
      "image_url": null,
      "off_barcode": null,
      "group_id": null,
      "match_type": null,
      "match_confidence": null,
      "quantity_g": null,
      "quantity_ml": null,
      "price_per_kg": null,
      "price_per_l": null
    },
    {
      "id": 869,
      "name": "Само с Billa Card - Billa Кухненска хартия 2 пласта 1 бр.",
      "store": "Billa",
      "price": 3.06,
      "old_price": 4.09,
      "discount_pct": 25,
      "image_url": null,
      "off_barcode": null,
      "group_id": null,
      "match_type": null,
      "match_confidence": null,
      "quantity_g": null,
      "quantity_ml": null,
      "price_per_kg": null,
      "price_per_l": null
    },
    {
      "id": 721,
      "name": "Само с Billa Card - Billa Пилешки бутчета замразени BBQ 750 г",
      "store": "Billa",
      "price": 3.83,
      "old_price": 5.11,
      "discount_pct": 25,
      "image_url": null,
      "off_barcode": null,
      "group_id": null,
      "match_type": null,
      "match_confidence": null,
      "quantity_g": 750,
      "quantity_ml": null,
      "price_per_kg": 5.11,
      "price_per_l": null
    },
    {
      "id": 4185,
      "name": "Сардина",
      "store": "Kaufland",
      "price": 4.48,
      "old_price": 5.98,
      "discount_pct": 25,
      "image_url": null,
      "off_barcode": null,
      "group_id": null,
      "match_type": null,
      "match_confidence": null,
      "quantity_g": null,
      "quantity_ml": null,
      "price_per_kg": null,
      "price_per_l": null
    },
    {
      "id": 4158,
      "name": "Сафрид от нашата витрина",
      "store": "Kaufland",
      "price": 3.74,
      "old_price": 4.99,
      "discount_pct": 25,
      "image_url": null,
      "off_barcode": null,
      "group_id": null,
      "match_type": null,
      "match_confidence": null,
      "quantity_g": null,
      "quantity_ml": null,
      "price_per_kg": null,
      "price_per_l": null
    },
    {
      "id": 4193,
      "name": "Сафрид от свежата витрина",
      "store": "Kaufland",
      "price": 6.73,
      "old_price": 8.98,
      "discount_pct": 25,
      "image_url": null,
      "off_barcode": null,
      "group_id": null,
      "match_type": null,
      "match_confidence": null,
      "quantity_g": null,
      "quantity_ml": null,
      "price_per_kg": null,
      "price_per_l": null
    },
    {
      "id": 4163,
      "name": "Сельодка филе от свежата витрина",
      "store": "Kaufland",
      "price": 20.99,
      "old_price": 27.99,
      "discount_pct": 25,
      "image_url": null,
      "off_barcode": null,
      "group_id": null,
      "match_type": null,
      "match_confidence": null,
      "quantity_g": null,
      "quantity_ml": null,
      "price_per_kg": null,
      "price_per_l": null
    },
    {
      "id": 5781,
      "name": "Сирене бри",
      "store": "Lidl",
      "price": 2.29,
      "old_price": 3.06,
      "discount_pct": 25,
      "image_url": null,
      "off_barcode": null,
      "group_id": null,
      "match_type": null,
      "match_confidence": null,
      "quantity_g": null,
      "quantity_ml": null,
      "price_per_kg": null,
      "price_per_l": null
    },
    {
      "id": 4155,
      "name": "Скариди, бланширани от свежата витрина",
      "store": "Kaufland",
      "price": 19.48,
      "old_price": 25.99,
      "discount_pct": 25,
      "image_url": null,
      "off_barcode": null,
      "group_id": null,
      "match_type": null,
      "match_confidence": null,
      "quantity_g": null,
      "quantity_ml": null,
      "price_per_kg": null,
      "price_per_l": null
    },
    {
      "id": 4192,
      "name": "Скумрия от свежата витрина",
      "store": "Kaufland",
      "price": 9.74,
      "old_price": 12.99,
      "discount_pct": 25,
      "image_url": null,
      "off_barcode": null,
      "group_id": null,
      "match_type": null,
      "match_confidence": null,
      "quantity_g": null,
      "quantity_ml": null,
      "price_per_kg": null,
      "price_per_l": null
    },
    {
      "id": 783,
      "name": "Сладки времена Халва 30 г",
      "store": "Billa",
      "price": 0.15,
      "old_price": 0.2,
      "discount_pct": 25,
      "image_url": null,
      "off_barcode": null,
      "group_id": null,
      "match_type": null,
      "match_confidence": null,
      "quantity_g": 30,
      "quantity_ml": null,
      "price_per_kg": 5.0,
      "price_per_l": null
    },
    {
      "id": 4171,
      "name": "Сом филе от свежата витрина",
      "store": "Kaufland",
      "price": 17.99,
      "old_price": 24.0,
      "discount_pct": 25,
      "image_url": null,
      "off_barcode": null,
      "group_id": null,
      "match_type": null,
      "match_confidence": null,
      "quantity_g": null,
      "quantity_ml": null,
      "price_per_kg": null,
      "price_per_l": null
    },
    {
      "id": 4143,
      "name": "Средиземноморска салата от нашата витрина",
      "store": "Kaufland",
      "price": 9.37,
      "old_price": 12.5,
      "discount_pct": 25,
      "image_url": null,
      "off_barcode": null,
      "group_id": null,
      "match_type": null,
      "match_confidence": null,
      "quantity_g": null,
      "quantity_ml": null,
      "price_per_kg": null,
      "price_per_l": null
    },
    {
      "id": 738,
      "name": "Супер цена - КФМ Шунка печена или пилешко филе слайс 120 г",
      "store": "Billa",
      "price": 2.29,
      "old_price": 3.06,
      "discount_pct": 25,
      "image_url": null,
      "off_barcode": null,
      "group_id": null,
      "match_type": null,
      "match_confidence": null,
      "quantity_g": 120,
      "quantity_ml": null,
      "price_per_kg": 19.08,
      "price_per_l": null
    },
    {
      "id": 909,
      "name": "Супер цена - Пилешки долен бут За 1 кг",
      "store": "Billa",
      "price": 3.06,
      "old_price": 4.09,
      "discount_pct": 25,
      "image_url": null,
      "off_barcode": null,
      "group_id": null,
      "match_type": null,
      "match_confidence": null,
      "quantity_g": 1000,
      "quantity_ml": null,
      "price_per_kg": 3.06,
      "price_per_l": null
    },
    {
      "id": 4147,
      "name": "Сурови скариди 21/30 от нашата витрина",
      "store": "Kaufland",
      "price": 24.74,
      "old_price": 32.99,
      "discount_pct": 25,
      "image_url": null,
      "off_barcode": null,
      "group_id": null,
      "match_type": null,
      "match_confidence": null,
      "quantity_g": null,
      "quantity_ml": null,
      "price_per_kg": null,
      "price_per_l": null
    },
    {
      "id": 4124,
      "name": "Сурови скариди от свежата витрина",
      "store": "Kaufland",
      "price": 22.47,
      "old_price": 29.98,
      "discount_pct": 25,
      "image_url": null,
      "off_barcode": null,
      "group_id": null,
      "match_type": null,
      "match_confidence": null,
      "quantity_g": null,
      "quantity_ml": null,
      "price_per_kg": null,
      "price_per_l": null
    },
    {
      "id": 4153,
      "name": "Сьомга котлет",
      "store": "Kaufland",
      "price": 3.74,
      "old_price": 4.99,
      "discount_pct": 25,
      "image_url": null,
      "off_barcode": null,
      "group_id": null,
      "match_type": null,
      "match_confidence": null,
      "quantity_g": null,
      "quantity_ml": null,
      "price_per_kg": null,
      "price_per_l": null
    },
    {
      "id": 4190,
      "name": "Сьомга котлет от свежата витрина",
      "store": "Kaufland",
      "price": 29.98,
      "old_price": 40.0,
      "discount_pct": 25,
      "image_url": null,
      "off_barcode": null,
      "group_id": null,
      "match_type": null,
      "match_confidence": null,
      "quantity_g": null,
      "quantity_ml": null,
      "price_per_kg": null,
      "price_per_l": null
    },
    {
      "id": 4117,
      "name": "Сьомга от нашата витрина",
      "store": "Kaufland",
      "price": 20.24,
      "old_price": 26.99,
      "discount_pct": 25,
      "image_url": null,
      "off_barcode": null,
      "group_id": null,
      "match_type": null,
      "match_confidence": null,
      "quantity_g": null,
      "quantity_ml": null,
      "price_per_kg": null,
      "price_per_l": null
    },
    {
      "id": 4110,
      "name": "Сьомга парченца кг",
      "store": "Kaufland",
      "price": 27.73,
      "old_price": 36.98,
      "discount_pct": 25,
      "image_url": null,
      "off_barcode": null,
      "group_id": null,
      "match_type": null,
      "match_confidence": null,
      "quantity_g": null,
      "quantity_ml": null,
      "price_per_kg": null,
      "price_per_l": null
    },
    {
      "id": 4166,
      "name": "Сьомга пушено филе от свежата витрина",
      "store": "Kaufland",
      "price": 20.24,
      "old_price": 26.99,
      "discount_pct": 25,
      "image_url": null,
      "off_barcode": null,
      "group_id": null,
      "match_type": null,
      "match_confidence": null,
      "quantity_g": null,
      "quantity_ml": null,
      "price_per_kg": null,
      "price_per_l": null
    },
    {
      "id": 4151,
      "name": "Сьомга филе",
      "store": "Kaufland",
      "price": 32.23,
      "old_price": 42.99,
      "discount_pct": 25,
      "image_url": null,
      "off_barcode": null,
      "group_id": null,
      "match_type": null,
      "match_confidence": null,
      "quantity_g": null,
      "quantity_ml": null,
      "price_per_kg": null,
      "price_per_l": null
    },
    {
      "id": 4191,
      "name": "Сьомга филе с кожа от свежата витрина",
      "store": "Kaufland",
      "price": 32.23,
      "old_price": 42.99,
      "discount_pct": 25,
      "image_url": null,
      "off_barcode": null,
      "group_id": null,
      "match_type": null,
      "match_confidence": null,
      "quantity_g": null,
      "quantity_ml": null,
      "price_per_kg": null,
      "price_per_l": null
    },
    {
      "id": 4160,
      "name": "Сьомга цяла от нашата витрина",
      "store": "Kaufland",
      "price": 7.61,
      "old_price": 10.15,
      "discount_pct": 25,
      "image_url": null,
      "off_barcode": null,
      "group_id": null,
      "match_type": null,
      "match_confidence": null,
      "quantity_g": null,
      "quantity_ml": null,
      "price_per_kg": null,
      "price_per_l": null
    },
    {
      "id": 4180,
      "name": "Сьомгова пъстърва филе от свежата витрина",
      "store": "Kaufland",
      "price": 21.73,
      "old_price": 28.99,
      "discount_pct": 25,
      "image_url": null,
      "off_barcode": null,
      "group_id": null,
      "match_type": null,
      "match_confidence": null,
      "quantity_g": null,
      "quantity_ml": null,
      "price_per_kg": null,
      "price_per_l": null
    },
    {
      "id": 5687,
      "name": "Темпранийо",
      "store": "Lidl",
      "price": 1.89,
      "old_price": 2.55,
      "discount_pct": 25,
      "image_url": null,
      "off_barcode": null,
      "group_id": null,
      "match_type": null,
      "match_confidence": null,
      "quantity_g": null,
      "quantity_ml": null,
      "price_per_kg": null,
      "price_per_l": null
    },
    {
      "id": 4128,
      "name": "Толстолоб котлет от нашата витрина",
      "store": "Kaufland",
      "price": 9.74,
      "old_price": 12.99,
      "discount_pct": 25,
      "image_url": null,
      "off_barcode": null,
      "group_id": null,
      "match_type": null,
      "match_confidence": null,
      "quantity_g": null,
      "quantity_ml": null,
      "price_per_kg": null,
      "price_per_l": null
    },
    {
      "id": 4199,
      "name": "Толстолоб филе от нашата витрина",
      "store": "Kaufland",
      "price": 7.49,
      "old_price": 9.99,
      "discount_pct": 25,
      "image_url": null,
      "off_barcode": null,
      "group_id": null,
      "match_type": null,
      "match_confidence": null,
      "quantity_g": null,
      "quantity_ml": null,
      "price_per_kg": null,
      "price_per_l": null
    },
    {
      "id": 4102,
      "name": "Топлопушена скумрия с глава",
      "store": "Kaufland",
      "price": 11.23,
      "old_price": 14.98,
      "discount_pct": 25,
      "image_url": null,
      "off_barcode": null,
      "group_id": null,
      "match_type": null,
      "match_confidence": null,
      "quantity_g": null,
      "quantity_ml": null,
      "price_per_kg": null,
      "price_per_l": null
    },
    {
      "id": 5904,
      "name": "Точени кори",
      "store": "Lidl",
      "price": 1.09,
      "old_price": 1.46,
      "discount_pct": 25,
      "image_url": null,
      "off_barcode": null,
      "group_id": "g_1679091c",
      "match_type": "name_similarity",
      "match_confidence": 1.0,
      "quantity_g": null,
      "quantity_ml": null,
      "price_per_kg": null,
      "price_per_l": null
    },
    {
      "id": 4201,
      "name": "Треска филе",
      "store": "Kaufland",
      "price": 19.48,
      "old_price": 25.99,
      "discount_pct": 25,
      "image_url": null,
      "off_barcode": null,
      "group_id": null,
      "match_type": null,
      "match_confidence": null,
      "quantity_g": null,
      "quantity_ml": null,
      "price_per_kg": null,
      "price_per_l": null
    },
    {
      "id": 1055,
      "name": "ФЕРМ75",
      "store": "Kaufland",
      "price": 1.53,
      "old_price": 2.04,
      "discount_pct": 25,
      "image_url": null,
      "off_barcode": null,
      "group_id": null,
      "match_type": null,
      "match_confidence": null,
      "quantity_g": null,
      "quantity_ml": null,
      "price_per_kg": null,
      "price_per_l": null
    },
    {
      "id": 137,
      "name": "ФЕРМ75 Луканков салам, Свинска\nшунка или Прошуто кото",
      "store": "Kaufland",
      "price": 2.99,
      "old_price": 3.99,
      "discount_pct": 25,
      "image_url": null,
      "off_barcode": null,
      "group_id": null,
      "match_type": null,
      "match_confidence": null,
      "quantity_g": null,
      "quantity_ml": 75000,
      "price_per_kg": null,
      "price_per_l": 0.04
    },
    {
      "id": 4189,
      "name": "Фагри изчистенo",
      "store": "Kaufland",
      "price": 22.47,
      "old_price": 29.98,
      "discount_pct": 25,
      "image_url": null,
      "off_barcode": null,
      "group_id": null,
      "match_type": null,
      "match_confidence": null,
      "quantity_g": null,
      "quantity_ml": null,
      "price_per_kg": null,
      "price_per_l": null
    },
    {
      "id": 6109,
      "name": "Хамон Серрано",
      "store": "Lidl",
      "price": 2.29,
      "old_price": 3.06,
      "discount_pct": 25,
      "image_url": null,
      "off_barcode": null,
      "group_id": null,
      "match_type": null,
      "match_confidence": null,
      "quantity_g": null,
      "quantity_ml": null,
      "price_per_kg": null,
      "price_per_l": null
    },
    {
      "id": 3275,
      "name": "Хек почистен",
      "store": "Kaufland",
      "price": 8.98,
      "old_price": 11.99,
      "discount_pct": 25,
      "image_url": null,
      "off_barcode": null,
      "group_id": null,
      "match_type": null,
      "match_confidence": null,
      "quantity_g": null,
      "quantity_ml": null,
      "price_per_kg": null,
      "price_per_l": null
    },
    {
      "id": 4131,
      "name": "Херинга маринована от нашата витрина",
      "store": "Kaufland",
      "price": 19.11,
      "old_price": 25.48,
      "discount_pct": 25,
      "image_url": null,
      "off_barcode": null,
      "group_id": null,
      "match_type": null,
      "match_confidence": null,
      "quantity_g": null,
      "quantity_ml": null,
      "price_per_kg": null,
      "price_per_l": null
    },
    {
      "id": 4123,
      "name": "Херинга филе размразено",
      "store": "Kaufland",
      "price": 10.09,
      "old_price": 13.48,
      "discount_pct": 25,
      "image_url": null,
      "off_barcode": null,
      "group_id": null,
      "match_type": null,
      "match_confidence": null,
      "quantity_g": null,
      "quantity_ml": null,
      "price_per_kg": null,
      "price_per_l": null
    },
    {
      "id": 1148,
      "name": "Хляб със сусамово семе",
      "store": "Kaufland",
      "price": 0.76,
      "old_price": 1.02,
      "discount_pct": 25,
      "image_url": null,
      "off_barcode": null,
      "group_id": null,
      "match_type": null,
      "match_confidence": null,
      "quantity_g": null,
      "quantity_ml": null,
      "price_per_kg": null,
      "price_per_l": null
    },
    {
      "id": 230,
      "name": "Хляб със сусамово семе от нашата пекарна",
      "store": "Kaufland",
      "price": 1.49,
      "old_price": 1.99,
      "discount_pct": 25,
      "image_url": null,
      "off_barcode": null,
      "group_id": null,
      "match_type": null,
      "match_confidence": null,
      "quantity_g": null,
      "quantity_ml": null,
      "price_per_kg": null,
      "price_per_l": null
    },
    {
      "id": 4176,
      "name": "Ципура",
      "store": "Kaufland",
      "price": 13.42,
      "old_price": 17.9,
      "discount_pct": 25,
      "image_url": null,
      "off_barcode": null,
      "group_id": null,
      "match_type": null,
      "match_confidence": null,
      "quantity_g": null,
      "quantity_ml": null,
      "price_per_kg": null,
      "price_per_l": null
    },
    {
      "id": 4200,
      "name": "Ципура изчистена",
      "store": "Kaufland",
      "price": 16.78,
      "old_price": 22.39,
      "discount_pct": 25,
      "image_url": null,
      "off_barcode": null,
      "group_id": null,
      "match_type": null,
      "match_confidence": null,
      "quantity_g": null,
      "quantity_ml": null,
      "price_per_kg": null,
      "price_per_l": null
    },
    {
      "id": 4094,
      "name": "Ципура от свежата витрина",
      "store": "Kaufland",
      "price": 16.78,
      "old_price": 22.39,
      "discount_pct": 25,
      "image_url": null,
      "off_barcode": null,
      "group_id": null,
      "match_type": null,
      "match_confidence": null,
      "quantity_g": null,
      "quantity_ml": null,
      "price_per_kg": null,
      "price_per_l": null
    },
    {
      "id": 4187,
      "name": "Чернокоп",
      "store": "Kaufland",
      "price": 14.98,
      "old_price": 19.99,
      "discount_pct": 25,
      "image_url": null,
      "off_barcode": null,
      "group_id": null,
      "match_type": null,
      "match_confidence": null,
      "quantity_g": null,
      "quantity_ml": null,
      "price_per_kg": null,
      "price_per_l": null
    },
    {
      "id": 4156,
      "name": "Черноморски миди от свежата витрина",
      "store": "Kaufland",
      "price": 3.74,
      "old_price": 4.99,
      "discount_pct": 25,
      "image_url": null,
      "off_barcode": null,
      "group_id": null,
      "match_type": null,
      "match_confidence": null,
      "quantity_g": null,
      "quantity_ml": null,
      "price_per_kg": null,
      "price_per_l": null
    },
    {
      "id": 4125,
      "name": "Черноморски паламуд пресен, изчистен",
      "store": "Kaufland",
      "price": 14.24,
      "old_price": 18.99,
      "discount_pct": 25,
      "image_url": null,
      "off_barcode": null,
      "group_id": null,
      "match_type": null,
      "match_confidence": null,
      "quantity_g": null,
      "quantity_ml": null,
      "price_per_kg": null,
      "price_per_l": null
    },
    {
      "id": 725,
      "name": "Чеснова багета От Billa пекарна 165 г Billa Ready",
      "store": "Billa",
      "price": 0.76,
      "old_price": 1.02,
      "discount_pct": 25,
      "image_url": null,
      "off_barcode": null,
      "group_id": null,
      "match_type": null,
      "match_confidence": null,
      "quantity_g": 165,
      "quantity_ml": null,
      "price_per_kg": 4.61,
      "price_per_l": null
    },
    {
      "id": 4197,
      "name": "Шаран изчистен, без люспи",
      "store": "Kaufland",
      "price": 11.23,
      "old_price": 14.98,
      "discount_pct": 25,
      "image_url": null,
      "off_barcode": null,
      "group_id": null,
      "match_type": null,
      "match_confidence": null,
      "quantity_g": null,
      "quantity_ml": null,
      "price_per_kg": null,
      "price_per_l": null
    },
    {
      "id": 4186,
      "name": "Шаран котлет от нашата витрина",
      "store": "Kaufland",
      "price": 8.98,
      "old_price": 11.99,
      "discount_pct": 25,
      "image_url": null,
      "off_barcode": null,
      "group_id": null,
      "match_type": null,
      "match_confidence": null,
      "quantity_g": null,
      "quantity_ml": null,
      "price_per_kg": null,
      "price_per_l": null
    },
    {
      "id": 5878,
      "name": "Шоколадови бонбони с марципан",
      "store": "Lidl",
      "price": 3.05,
      "old_price": 4.09,
      "discount_pct": 25,
      "image_url": null,
      "off_barcode": null,
      "group_id": null,
      "match_type": null,
      "match_confidence": null,
      "quantity_g": null,
      "quantity_ml": null,
      "price_per_kg": null,
      "price_per_l": null
    },
    {
      "id": 244,
      "name": "7 DAYS Кроасан Double\nванилия&ягода",
      "store": "Kaufland",
      "price": 1.19,
      "old_price": 1.58,
      "discount_pct": 24,
      "image_url": null,
      "off_barcode": null,
      "group_id": null,
      "match_type": null,
      "match_confidence": null,
      "quantity_g": null,
      "quantity_ml": null,
      "price_per_kg": null,
      "price_per_l": null
    },
    {
      "id": 1162,
      "name": "7 Days Max/7 Days Double Max",
      "store": "Kaufland",
      "price": 0.61,
      "old_price": 0.81,
      "discount_pct": 24,
      "image_url": null,
      "off_barcode": null,
      "group_id": null,
      "match_type": null,
      "match_confidence": null,
      "quantity_g": null,
      "quantity_ml": null,
      "price_per_kg": null,
      "price_per_l": null
    },
    {
      "id": 4326,
      "name": "7 Days Max/7 Days Double Max Кроасан\nразлични видове",
      "store": "Kaufland",
      "price": 1.19,
      "old_price": 1.58,
      "discount_pct": 24,
      "image_url": null,
      "off_barcode": null,
      "group_id": null,
      "match_type": null,
      "match_confidence": null,
      "quantity_g": null,
      "quantity_ml": null,
      "price_per_kg": null,
      "price_per_l": null
    },
    {
      "id": 857,
      "name": "Absolut Водка 0,7 л",
      "store": "Billa",
      "price": 8.43,
      "old_price": 11.12,
      "discount_pct": 24,
      "image_url": null,
      "off_barcode": null,
      "group_id": "g_6364d3f0",
      "match_type": "name_similarity",
      "match_confidence": 0.85,
      "quantity_g": null,
      "quantity_ml": 700,
      "price_per_kg": null,
      "price_per_l": 12.04
    },
    {
      "id": 938,
      "name": "BUITONI",
      "store": "Kaufland",
      "price": 3.45,
      "old_price": 4.6,
      "discount_pct": 24,
      "image_url": null,
      "off_barcode": null,
      "group_id": null,
      "match_type": null,
      "match_confidence": null,
      "quantity_g": null,
      "quantity_ml": null,
      "price_per_kg": null,
      "price_per_l": null
    },
    {
      "id": 3352,
      "name": "CLASSIC MAX Хумус\nразлични видове",
      "store": "Kaufland",
      "price": 2.25,
      "old_price": 2.99,
      "discount_pct": 24,
      "image_url": null,
      "off_barcode": null,
      "group_id": null,
      "match_type": null,
      "match_confidence": null,
      "quantity_g": null,
      "quantity_ml": null,
      "price_per_kg": null,
      "price_per_l": null
    },
    {
      "id": 3353,
      "name": "CLASSIC MAX Хумус\\nразлични видове",
      "store": "Kaufland",
      "price": 2.25,
      "old_price": 2.99,
      "discount_pct": 24,
      "image_url": null,
      "off_barcode": null,
      "group_id": null,
      "match_type": null,
      "match_confidence": null,
      "quantity_g": null,
      "quantity_ml": null,
      "price_per_kg": null,
      "price_per_l": null
    },
    {
      "id": 860,
      "name": "JP. Chenet Вино 0,75 л",
      "store": "Billa",
      "price": 5.11,
      "old_price": 6.8,
      "discount_pct": 24,
      "image_url": null,
      "off_barcode": null,
      "group_id": null,
      "match_type": null,
      "match_confidence": null,
      "quantity_g": null,
      "quantity_ml": 750,
      "price_per_kg": null,
      "price_per_l": 6.81
    },
    {
      "id": 176,
      "name": "K-Classic Моцарела Maxi\n45% масленост",
      "store": "Kaufland",
      "price": 6.98,
      "old_price": 9.29,
      "discount_pct": 24,
      "image_url": null,
      "off_barcode": null,
      "group_id": null,
      "match_type": null,
      "match_confidence": null,
      "quantity_g": null,
      "quantity_ml": null,
      "price_per_kg": null,
      "price_per_l": null
    },
    {
      "id": 667,
      "name": "King оферта - Супер цена - Born Winner Суроватъчен протеин на прах Шоколадов сладолед или Бисквитки ",
      "store": "Billa",
      "price": 14.31,
      "old_price": 18.91,
      "discount_pct": 24,
      "image_url": null,
      "off_barcode": null,
      "group_id": null,
      "match_type": null,
      "match_confidence": null,
      "quantity_g": null,
      "quantity_ml": null,
      "price_per_kg": null,
      "price_per_l": null
    },
    {
      "id": 3296,
      "name": "La Vache Qui Rit Топено сирене\nразлични вкусове",
      "store": "Kaufland",
      "price": 3.29,
      "old_price": 4.38,
      "discount_pct": 24,
      "image_url": null,
      "off_barcode": null,
      "group_id": null,
      "match_type": null,
      "match_confidence": null,
      "quantity_g": null,
      "quantity_ml": null,
      "price_per_kg": null,
      "price_per_l": null
    },
    {
      "id": 4021,
      "name": "Lacrima Кашкавал\nот краве мляко",
      "store": "Kaufland",
      "price": 10.99,
      "old_price": 14.49,
      "discount_pct": 24,
      "image_url": null,
      "off_barcode": null,
      "group_id": null,
      "match_type": null,
      "match_confidence": null,
      "quantity_g": null,
      "quantity_ml": null,
      "price_per_kg": null,
      "price_per_l": null
    },
    {
      "id": 3438,
      "name": "Linco Продукт за мазане\n500 г",
      "store": "Kaufland",
      "price": 2.48,
      "old_price": 3.29,
      "discount_pct": 24,
      "image_url": null,
      "off_barcode": null,
      "group_id": null,
      "match_type": null,
      "match_confidence": null,
      "quantity_g": 500,
      "quantity_ml": null,
      "price_per_kg": 4.96,
      "price_per_l": null
    },
    {
      "id": 423,
      "name": "Liv&Bo Висок шкаф за баня\n32 x 180 x 28 см",
      "store": "Kaufland",
      "price": 89.99,
      "old_price": 119.89,
      "discount_pct": 24,
      "image_url": null,
      "off_barcode": null,
      "group_id": null,
      "match_type": null,
      "match_confidence": null,
      "quantity_g": null,
      "quantity_ml": null,
      "price_per_kg": null,
      "price_per_l": null
    },
    {
      "id": 3459,
      "name": "Loacker Шоколад\nразлични видове",
      "store": "Kaufland",
      "price": 3.68,
      "old_price": 4.89,
      "discount_pct": 24,
      "image_url": null,
      "off_barcode": null,
      "group_id": null,
      "match_type": null,
      "match_confidence": null,
      "quantity_g": null,
      "quantity_ml": null,
      "price_per_kg": null,
      "price_per_l": null
    },
    {
      "id": 3440,
      "name": "MARLENKA Медени топчета\\nразлични видове",
      "store": "Kaufland",
      "price": 2.48,
      "old_price": 3.29,
      "discount_pct": 24,
      "image_url": null,
      "off_barcode": null,
      "group_id": null,
      "match_type": null,
      "match_confidence": null,
      "quantity_g": null,
      "quantity_ml": null,
      "price_per_kg": null,
      "price_per_l": null
    },
    {
      "id": 4028,
      "name": "Maggi Инстантни спагети\nразлични видове",
      "store": "Kaufland",
      "price": 0.98,
      "old_price": 1.29,
      "discount_pct": 24,
      "image_url": null,
      "off_barcode": null,
      "group_id": null,
      "match_type": null,
      "match_confidence": null,
      "quantity_g": null,
      "quantity_ml": null,
      "price_per_kg": null,
      "price_per_l": null
    },
    {
      "id": 4045,
      "name": "Melitta Café Bar Кафе капсули\nразлични видове",
      "store": "Kaufland",
      "price": 7.49,
      "old_price": 9.9,
      "discount_pct": 24,
      "image_url": null,
      "off_barcode": null,
      "group_id": null,
      "match_type": null,
      "match_confidence": null,
      "quantity_g": null,
      "quantity_ml": null,
      "price_per_kg": null,
      "price_per_l": null
    },
    {
      "id": 4046,
      "name": "Melitta Café Bar Кафе капсули\\nразлични видове",
      "store": "Kaufland",
      "price": 7.49,
      "old_price": 9.9,
      "discount_pct": 24,
      "image_url": null,
      "off_barcode": null,
      "group_id": null,
      "match_type": null,
      "match_confidence": null,
      "quantity_g": null,
      "quantity_ml": null,
      "price_per_kg": null,
      "price_per_l": null
    },
    {
      "id": 942,
      "name": "Naturli",
      "store": "Kaufland",
      "price": 3.45,
      "old_price": 4.6,
      "discount_pct": 24,
      "image_url": null,
      "off_barcode": null,
      "group_id": null,
      "match_type": null,
      "match_confidence": null,
      "quantity_g": null,
      "quantity_ml": null,
      "price_per_kg": null,
      "price_per_l": null
    },
    {
      "id": 4026,
      "name": "OMIRA Пудинг със сметана\nразлични видове",
      "store": "Kaufland",
      "price": 0.98,
      "old_price": 1.29,
      "discount_pct": 24,
      "image_url": null,
      "off_barcode": null,
      "group_id": null,
      "match_type": null,
      "match_confidence": null,
      "quantity_g": null,
      "quantity_ml": null,
      "price_per_kg": null,
      "price_per_l": null
    },
    {
      "id": 4177,
      "name": "Ocean Mариновани сурими\nот свежата витрина",
      "store": "Kaufland",
      "price": 23.24,
      "old_price": 30.98,
      "discount_pct": 24,
      "image_url": null,
      "off_barcode": null,
      "group_id": null,
      "match_type": null,
      "match_confidence": null,
      "quantity_g": null,
      "quantity_ml": null,
      "price_per_kg": null,
      "price_per_l": null
    },
    {
      "id": 4178,
      "name": "Ocean Mариновани сурими\\nот свежата витрина",
      "store": "Kaufland",
      "price": 23.24,
      "old_price": 30.98,
      "discount_pct": 24,
      "image_url": null,
      "off_barcode": null,
      "group_id": null,
      "match_type": null,
      "match_confidence": null,
      "quantity_g": null,
      "quantity_ml": null,
      "price_per_kg": null,
      "price_per_l": null
    },
    {
      "id": 4112,
      "name": "Ocean Pick Пушени коремчета от сьомга\nот свежата витрина",
      "store": "Kaufland",
      "price": 16.49,
      "old_price": 21.98,
      "discount_pct": 24,
      "image_url": null,
      "off_barcode": null,
      "group_id": null,
      "match_type": null,
      "match_confidence": null,
      "quantity_g": null,
      "quantity_ml": null,
      "price_per_kg": null,
      "price_per_l": null
    },
    {
      "id": 4121,
      "name": "Ocean Pick Разбит хайвер\nот свежата витрина",
      "store": "Kaufland",
      "price": 13.5,
      "old_price": 17.99,
      "discount_pct": 24,
      "image_url": null,
      "off_barcode": null,
      "group_id": null,
      "match_type": null,
      "match_confidence": null,
      "quantity_g": null,
      "quantity_ml": null,
      "price_per_kg": null,
      "price_per_l": null
    },
    {
      "id": 952,
      "name": "Ristorante",
      "store": "Kaufland",
      "price": 3.45,
      "old_price": 4.6,
      "discount_pct": 24,
      "image_url": null,
      "off_barcode": null,
      "group_id": null,
      "match_type": null,
      "match_confidence": null,
      "quantity_g": null,
      "quantity_ml": null,
      "price_per_kg": null,
      "price_per_l": null
    },
    {
      "id": 3490,
      "name": "STARBUCKS Кафе капсули\nразлични видове",
      "store": "Kaufland",
      "price": 9.49,
      "old_price": 12.65,
      "discount_pct": 24,
      "image_url": null,
      "off_barcode": null,
      "group_id": null,
      "match_type": null,
      "match_confidence": null,
      "quantity_g": null,
      "quantity_ml": null,
      "price_per_kg": null,
      "price_per_l": null
    },
    {
      "id": 4144,
      "name": "Starfish Домашна сельодка\nот нашата витрина",
      "store": "Kaufland",
      "price": 13.79,
      "old_price": 18.38,
      "discount_pct": 24,
      "image_url": null,
      "off_barcode": null,
      "group_id": null,
      "match_type": null,
      "match_confidence": null,
      "quantity_g": null,
      "quantity_ml": null,
      "price_per_kg": null,
      "price_per_l": null
    },
    {
      "id": 3343,
      "name": "Storko Бланширани картофи\nзамразени",
      "store": "Kaufland",
      "price": 9.49,
      "old_price": 12.58,
      "discount_pct": 24,
      "image_url": null,
      "off_barcode": null,
      "group_id": null,
      "match_type": null,
      "match_confidence": null,
      "quantity_g": null,
      "quantity_ml": null,
      "price_per_kg": null,
      "price_per_l": null
    },
    {
      "id": 4047,
      "name": "Syoss Шампоан или Балсам\\nразлични видове",
      "store": "Kaufland",
      "price": 7.49,
      "old_price": 9.9,
      "discount_pct": 24,
      "image_url": null,
      "off_barcode": null,
      "group_id": null,
      "match_type": null,
      "match_confidence": null,
      "quantity_g": null,
      "quantity_ml": null,
      "price_per_kg": null,
      "price_per_l": null
    },
    {
      "id": 4114,
      "name": "VICI Салата Сурими с броколи\\nот нашата витрина",
      "store": "Kaufland",
      "price": 16.49,
      "old_price": 21.98,
      "discount_pct": 24,
      "image_url": null,
      "off_barcode": null,
      "group_id": null,
      "match_type": null,
      "match_confidence": null,
      "quantity_g": null,
      "quantity_ml": null,
      "price_per_kg": null,
      "price_per_l": null
    },
    {
      "id": 1188,
      "name": "Дон Домат",
      "store": "Kaufland",
      "price": 2.04,
      "old_price": 2.7,
      "discount_pct": 24,
      "image_url": null,
      "off_barcode": null,
      "group_id": null,
      "match_type": null,
      "match_confidence": null,
      "quantity_g": null,
      "quantity_ml": null,
      "price_per_kg": null,
      "price_per_l": null
    },
    {
      "id": 270,
      "name": "Дон Домат Конфитюр\nразлични видове",
      "store": "Kaufland",
      "price": 3.99,
      "old_price": 5.28,
      "discount_pct": 24,
      "image_url": null,
      "off_barcode": null,
      "group_id": null,
      "match_type": null,
      "match_confidence": null,
      "quantity_g": null,
      "quantity_ml": null,
      "price_per_kg": null,
      "price_per_l": null
    },
    {
      "id": 3423,
      "name": "Донът с розова глазура и поръска",
      "store": "Kaufland",
      "price": 0.68,
      "old_price": 0.9,
      "discount_pct": 24,
      "image_url": null,
      "off_barcode": null,
      "group_id": null,
      "match_type": null,
      "match_confidence": null,
      "quantity_g": null,
      "quantity_ml": null,
      "price_per_kg": null,
      "price_per_l": null
    },
    {
      "id": 3422,
      "name": "Закуска с пекан и кленов сироп",
      "store": "Kaufland",
      "price": 0.98,
      "old_price": 1.29,
      "discount_pct": 24,
      "image_url": null,
      "off_barcode": null,
      "group_id": null,
      "match_type": null,
      "match_confidence": null,
      "quantity_g": null,
      "quantity_ml": null,
      "price_per_kg": null,
      "price_per_l": null
    },
    {
      "id": 4169,
      "name": "Калмари пипала от свежата витрина",
      "store": "Kaufland",
      "price": 13.5,
      "old_price": 17.99,
      "discount_pct": 24,
      "image_url": null,
      "off_barcode": null,
      "group_id": null,
      "match_type": null,
      "match_confidence": null,
      "quantity_g": null,
      "quantity_ml": null,
      "price_per_kg": null,
      "price_per_l": null
    },
    {
      "id": 5675,
      "name": "Кашкавал от краве мляко",
      "store": "Kaufland",
      "price": 6.13,
      "old_price": 8.17,
      "discount_pct": 24,
      "image_url": null,
      "off_barcode": null,
      "group_id": "g_8f14e45f",
      "match_type": "name_similarity",
      "match_confidence": 1.0,
      "quantity_g": null,
      "quantity_ml": null,
      "price_per_kg": null,
      "price_per_l": null
    },
    {
      "id": 3168,
      "name": "Кашкавал от краве мляко от свежата витрина",
      "store": "Kaufland",
      "price": 11.99,
      "old_price": 15.98,
      "discount_pct": 24,
      "image_url": null,
      "off_barcode": null,
      "group_id": null,
      "match_type": null,
      "match_confidence": null,
      "quantity_g": null,
      "quantity_ml": null,
      "price_per_kg": null,
      "price_per_l": null
    },
    {
      "id": 3430,
      "name": "Кроасан различни видове",
      "store": "Kaufland",
      "price": 0.37,
      "old_price": 0.49,
      "discount_pct": 24,
      "image_url": null,
      "off_barcode": null,
      "group_id": null,
      "match_type": null,
      "match_confidence": null,
      "quantity_g": null,
      "quantity_ml": null,
      "price_per_kg": null,
      "price_per_l": null
    },
    {
      "id": 631,
      "name": "Маслен радиатор",
      "store": "Lidl",
      "price": 4.98,
      "old_price": 6.64,
      "discount_pct": 24,
      "image_url": null,
      "off_barcode": null,
      "group_id": null,
      "match_type": null,
      "match_confidence": null,
      "quantity_g": null,
      "quantity_ml": null,
      "price_per_kg": null,
      "price_per_l": null
    },
    {
      "id": 741,
      "name": "Мес Ко Пилешко роле 270 г Продукт, маркиран със синя звезда",
      "store": "Billa",
      "price": 3.09,
      "old_price": 4.09,
      "discount_pct": 24,
      "image_url": null,
      "off_barcode": null,
      "group_id": null,
      "match_type": null,
      "match_confidence": null,
      "quantity_g": 270,
      "quantity_ml": null,
      "price_per_kg": 11.44,
      "price_per_l": null
    },
    {
      "id": 5876,
      "name": "Мини еклери",
      "store": "Lidl",
      "price": 1.55,
      "old_price": 2.04,
      "discount_pct": 24,
      "image_url": null,
      "off_barcode": null,
      "group_id": null,
      "match_type": null,
      "match_confidence": null,
      "quantity_g": null,
      "quantity_ml": null,
      "price_per_kg": null,
      "price_per_l": null
    },
    {
      "id": 6099,
      "name": "Норвежка пушена сьомга XXL",
      "store": "Lidl",
      "price": 3.09,
      "old_price": 4.09,
      "discount_pct": 24,
      "image_url": null,
      "off_barcode": null,
      "group_id": null,
      "match_type": null,
      "match_confidence": null,
      "quantity_g": null,
      "quantity_ml": null,
      "price_per_kg": null,
      "price_per_l": null
    },
    {
      "id": 601,
      "name": "Пижама",
      "store": "Lidl",
      "price": 3.85,
      "old_price": 5.11,
      "discount_pct": 24,
      "image_url": null,
      "off_barcode": null,
      "group_id": null,
      "match_type": null,
      "match_confidence": null,
      "quantity_g": null,
      "quantity_ml": null,
      "price_per_kg": null,
      "price_per_l": null
    },
    {
      "id": 943,
      "name": "Пица Специале",
      "store": "Kaufland",
      "price": 3.45,
      "old_price": 4.6,
      "discount_pct": 24,
      "image_url": null,
      "off_barcode": null,
      "group_id": null,
      "match_type": null,
      "match_confidence": null,
      "quantity_g": null,
      "quantity_ml": null,
      "price_per_kg": null,
      "price_per_l": null
    },
    {
      "id": 6097,
      "name": "Пресен суджук",
      "store": "Lidl",
      "price": 2.04,
      "old_price": 2.7,
      "discount_pct": 24,
      "image_url": null,
      "off_barcode": null,
      "group_id": null,
      "match_type": null,
      "match_confidence": null,
      "quantity_g": null,
      "quantity_ml": null,
      "price_per_kg": null,
      "price_per_l": null
    },
    {
      "id": 624,
      "name": "Салата микс Италиана",
      "store": "Lidl",
      "price": 4.6,
      "old_price": 6.13,
      "discount_pct": 24,
      "image_url": null,
      "off_barcode": null,
      "group_id": null,
      "match_type": null,
      "match_confidence": null,
      "quantity_g": null,
      "quantity_ml": null,
      "price_per_kg": null,
      "price_per_l": null
    },
    {
      "id": 800,
      "name": "Супер цена - 7 Days Кроасан 70 - 92 г",
      "store": "Billa",
      "price": 0.61,
      "old_price": 0.81,
      "discount_pct": 24,
      "image_url": null,
      "off_barcode": null,
      "group_id": null,
      "match_type": null,
      "match_confidence": null,
      "quantity_g": 92,
      "quantity_ml": null,
      "price_per_kg": 6.63,
      "price_per_l": null
    },
    {
      "id": 919,
      "name": "Супер цена - Clever Бяло брашно тип 650 1 кг",
      "store": "Billa",
      "price": 0.46,
      "old_price": 0.61,
      "discount_pct": 24,
      "image_url": null,
      "off_barcode": null,
      "group_id": null,
      "match_type": null,
      "match_confidence": null,
      "quantity_g": 1000,
      "quantity_ml": null,
      "price_per_kg": 0.46,
      "price_per_l": null
    },
    {
      "id": 913,
      "name": "Супер цена - Пиринско бира 2 л Произход - България",
      "store": "Billa",
      "price": 1.17,
      "old_price": 1.55,
      "discount_pct": 24,
      "image_url": null,
      "off_barcode": null,
      "group_id": null,
      "match_type": null,
      "match_confidence": null,
      "quantity_g": null,
      "quantity_ml": 2000,
      "price_per_kg": null,
      "price_per_l": 0.58
    },
    {
      "id": 4127,
      "name": "Сьомга парчета от свежата витрина",
      "store": "Kaufland",
      "price": 33.74,
      "old_price": 44.98,
      "discount_pct": 24,
      "image_url": null,
      "off_barcode": null,
      "group_id": null,
      "match_type": null,
      "match_confidence": null,
      "quantity_g": null,
      "quantity_ml": null,
      "price_per_kg": null,
      "price_per_l": null
    },
    {
      "id": 3314,
      "name": "ТЕРТЕР Сирене\nот краве мляко",
      "store": "Kaufland",
      "price": 10.99,
      "old_price": 14.49,
      "discount_pct": 24,
      "image_url": null,
      "off_barcode": null,
      "group_id": null,
      "match_type": null,
      "match_confidence": null,
      "quantity_g": null,
      "quantity_ml": null,
      "price_per_kg": null,
      "price_per_l": null
    },
    {
      "id": 4136,
      "name": "Тилапия филе размразено",
      "store": "Kaufland",
      "price": 18.37,
      "old_price": 24.49,
      "discount_pct": 24,
      "image_url": null,
      "off_barcode": null,
      "group_id": null,
      "match_type": null,
      "match_confidence": null,
      "quantity_g": null,
      "quantity_ml": null,
      "price_per_kg": null,
      "price_per_l": null
    },
    {
      "id": 4145,
      "name": "Хек филе от свежата витрина",
      "store": "Kaufland",
      "price": 13.5,
      "old_price": 17.99,
      "discount_pct": 24,
      "image_url": null,
      "off_barcode": null,
      "group_id": null,
      "match_type": null,
      "match_confidence": null,
      "quantity_g": null,
      "quantity_ml": null,
      "price_per_kg": null,
      "price_per_l": null
    },
    {
      "id": 1154,
      "name": "Целувки",
      "store": "Kaufland",
      "price": 1.27,
      "old_price": 1.68,
      "discount_pct": 24,
      "image_url": null,
      "off_barcode": null,
      "group_id": null,
      "match_type": null,
      "match_confidence": null,
      "quantity_g": null,
      "quantity_ml": null,
      "price_per_kg": null,
      "price_per_l": null
    },
    {
      "id": 235,
      "name": "Целувки различни видове",
      "store": "Kaufland",
      "price": 2.48,
      "old_price": 3.29,
      "discount_pct": 24,
      "image_url": null,
      "off_barcode": null,
      "group_id": null,
      "match_type": null,
      "match_confidence": null,
      "quantity_g": null,
      "quantity_ml": null,
      "price_per_kg": null,
      "price_per_l": null
    },
    {
      "id": 4146,
      "name": "Ципура филе прясно",
      "store": "Kaufland",
      "price": 33.74,
      "old_price": 44.98,
      "discount_pct": 24,
      "image_url": null,
      "off_barcode": null,
      "group_id": null,
      "match_type": null,
      "match_confidence": null,
      "quantity_g": null,
      "quantity_ml": null,
      "price_per_kg": null,
      "price_per_l": null
    },
    {
      "id": 5890,
      "name": "Шоколадови топчета Дуо",
      "store": "Lidl",
      "price": 1.69,
      "old_price": 2.24,
      "discount_pct": 24,
      "image_url": null,
      "off_barcode": null,
      "group_id": null,
      "match_type": null,
      "match_confidence": null,
      "quantity_g": null,
      "quantity_ml": null,
      "price_per_kg": null,
      "price_per_l": null
    },
    {
      "id": 966,
      "name": "Яйца",
      "store": "Kaufland",
      "price": 3.0,
      "old_price": 3.98,
      "discount_pct": 24,
      "image_url": null,
      "off_barcode": null,
      "group_id": null,
      "match_type": null,
      "match_confidence": null,
      "quantity_g": null,
      "quantity_ml": null,
      "price_per_kg": null,
      "price_per_l": null
    },
    {
      "id": 1473,
      "name": "K-Blue Bay",
      "store": "Kaufland",
      "price": 5.11,
      "old_price": 6.64,
      "discount_pct": 23,
      "image_url": null,
      "off_barcode": null,
      "group_id": null,
      "match_type": null,
      "match_confidence": null,
      "quantity_g": null,
      "quantity_ml": null,
      "price_per_kg": null,
      "price_per_l": null
    },
    {
      "id": 555,
      "name": "K-Blue Bay Филе от сьомга с подправки\nразлични видове",
      "store": "Kaufland",
      "price": 9.99,
      "old_price": 12.99,
      "discount_pct": 23,
      "image_url": null,
      "off_barcode": null,
      "group_id": null,
      "match_type": null,
      "match_confidence": null,
      "quantity_g": null,
      "quantity_ml": null,
      "price_per_kg": null,
      "price_per_l": null
    },
    {
      "id": 4315,
      "name": "K-Classic Лазаня Болонезе",
      "store": "Kaufland",
      "price": 9.99,
      "old_price": 12.99,
      "discount_pct": 23,
      "image_url": null,
      "off_barcode": null,
      "group_id": null,
      "match_type": null,
      "match_confidence": null,
      "quantity_g": null,
      "quantity_ml": null,
      "price_per_kg": null,
      "price_per_l": null
    },
    {
      "id": 3373,
      "name": "K-Classic Тортелони\nразлични видове",
      "store": "Kaufland",
      "price": 2.99,
      "old_price": 3.89,
      "discount_pct": 23,
      "image_url": null,
      "off_barcode": null,
      "group_id": null,
      "match_type": null,
      "match_confidence": null,
      "quantity_g": null,
      "quantity_ml": null,
      "price_per_kg": null,
      "price_per_l": null
    },
    {
      "id": 4010,
      "name": "K-FAVOURITES Маслиново масло\nГърция",
      "store": "Kaufland",
      "price": 9.99,
      "old_price": 12.99,
      "discount_pct": 23,
      "image_url": null,
      "off_barcode": null,
      "group_id": null,
      "match_type": null,
      "match_confidence": null,
      "quantity_g": null,
      "quantity_ml": null,
      "price_per_kg": null,
      "price_per_l": null
    },
    {
      "id": 5794,
      "name": "Kраве масло",
      "store": "Lidl",
      "price": 1.09,
      "old_price": 1.43,
      "discount_pct": 23,
      "image_url": null,
      "off_barcode": null,
      "group_id": null,
      "match_type": null,
      "match_confidence": null,
      "quantity_g": null,
      "quantity_ml": null,
      "price_per_kg": null,
      "price_per_l": null
    },
    {
      "id": 851,
      "name": "Lost Vines Вино 0,75 л Сорт - Гарнача и Каринян. Произход - Испания. Температура на консумация - 16 ",
      "store": "Billa",
      "price": 6.64,
      "old_price": 8.69,
      "discount_pct": 23,
      "image_url": null,
      "off_barcode": null,
      "group_id": null,
      "match_type": null,
      "match_confidence": null,
      "quantity_g": null,
      "quantity_ml": 750,
      "price_per_kg": null,
      "price_per_l": 8.85
    },
    {
      "id": 782,
      "name": "Natura Парено жито 500 г",
      "store": "Billa",
      "price": 0.97,
      "old_price": 1.27,
      "discount_pct": 23,
      "image_url": null,
      "off_barcode": null,
      "group_id": null,
      "match_type": null,
      "match_confidence": null,
      "quantity_g": 500,
      "quantity_ml": null,
      "price_per_kg": 1.94,
      "price_per_l": null
    },
    {
      "id": 3319,
      "name": "OLYMPUS Заквасена сметана",
      "store": "Kaufland",
      "price": 2.99,
      "old_price": 3.91,
      "discount_pct": 23,
      "image_url": null,
      "off_barcode": null,
      "group_id": null,
      "match_type": null,
      "match_confidence": null,
      "quantity_g": null,
      "quantity_ml": null,
      "price_per_kg": null,
      "price_per_l": null
    },
    {
      "id": 840,
      "name": "Red Bull енергийна напитка мултипак 4 х 0.25 л",
      "store": "Billa",
      "price": 3.83,
      "old_price": 5.01,
      "discount_pct": 23,
      "image_url": null,
      "off_barcode": null,
      "group_id": null,
      "match_type": null,
      "match_confidence": null,
      "quantity_g": null,
      "quantity_ml": 1000,
      "price_per_kg": null,
      "price_per_l": 3.83
    },
    {
      "id": 284,
      "name": "Roshen Шоколадови бонбони\nCherry queen",
      "store": "Kaufland",
      "price": 5.98,
      "old_price": 7.84,
      "discount_pct": 23,
      "image_url": null,
      "off_barcode": null,
      "group_id": null,
      "match_type": null,
      "match_confidence": null,
      "quantity_g": null,
      "quantity_ml": null,
      "price_per_kg": null,
      "price_per_l": null
    },
    {
      "id": 3722,
      "name": "SWITCH ON Фритюрник с горещ въздух\nSHFD 1400 C1",
      "store": "Kaufland",
      "price": 99.98,
      "old_price": 129.89,
      "discount_pct": 23,
      "image_url": null,
      "off_barcode": null,
      "group_id": null,
      "match_type": null,
      "match_confidence": null,
      "quantity_g": null,
      "quantity_ml": null,
      "price_per_kg": null,
      "price_per_l": null
    },
    {
      "id": 3387,
      "name": "Tasty Торта Ванилова наслада",
      "store": "Kaufland",
      "price": 2.99,
      "old_price": 3.89,
      "discount_pct": 23,
      "image_url": null,
      "off_barcode": null,
      "group_id": null,
      "match_type": null,
      "match_confidence": null,
      "quantity_g": null,
      "quantity_ml": null,
      "price_per_kg": null,
      "price_per_l": null
    },
    {
      "id": 1168,
      "name": "АЕА",
      "store": "Kaufland",
      "price": 1.53,
      "old_price": 1.99,
      "discount_pct": 23,
      "image_url": null,
      "off_barcode": null,
      "group_id": null,
      "match_type": null,
      "match_confidence": null,
      "quantity_g": null,
      "quantity_ml": null,
      "price_per_kg": null,
      "price_per_l": null
    },
    {
      "id": 249,
      "name": "АЕА Тарали\nразлични видове",
      "store": "Kaufland",
      "price": 2.99,
      "old_price": 3.89,
      "discount_pct": 23,
      "image_url": null,
      "off_barcode": null,
      "group_id": null,
      "match_type": null,
      "match_confidence": null,
      "quantity_g": null,
      "quantity_ml": null,
      "price_per_kg": null,
      "price_per_l": null
    },
    {
      "id": 3298,
      "name": "БРЕЙ! Гюбек\nс шарена сол и червен пипер",
      "store": "Kaufland",
      "price": 9.99,
      "old_price": 12.99,
      "discount_pct": 23,
      "image_url": null,
      "off_barcode": null,
      "group_id": null,
      "match_type": null,
      "match_confidence": null,
      "quantity_g": null,
      "quantity_ml": null,
      "price_per_kg": null,
      "price_per_l": null
    },
    {
      "id": 713,
      "name": "Баварска наденица 400 г Продукт, маркиран със синя звезда",
      "store": "Billa",
      "price": 3.32,
      "old_price": 4.34,
      "discount_pct": 23,
      "image_url": null,
      "off_barcode": null,
      "group_id": null,
      "match_type": null,
      "match_confidence": null,
      "quantity_g": 400,
      "quantity_ml": null,
      "price_per_kg": 8.3,
      "price_per_l": null
    },
    {
      "id": 758,
      "name": "Боженци краве сирене За 1 кг",
      "store": "Billa",
      "price": 8.18,
      "old_price": 10.73,
      "discount_pct": 23,
      "image_url": null,
      "off_barcode": null,
      "group_id": null,
      "match_type": null,
      "match_confidence": null,
      "quantity_g": 1000,
      "quantity_ml": null,
      "price_per_kg": 8.18,
      "price_per_l": null
    },
    {
      "id": 718,
      "name": "Делиа Пуешки шницел 400 г Продукт, маркиран със синя звезда",
      "store": "Billa",
      "price": 5.11,
      "old_price": 6.64,
      "discount_pct": 23,
      "image_url": null,
      "off_barcode": null,
      "group_id": null,
      "match_type": null,
      "match_confidence": null,
      "quantity_g": 400,
      "quantity_ml": null,
      "price_per_kg": 12.78,
      "price_per_l": null
    },
    {
      "id": 1172,
      "name": "Домашни сладки",
      "store": "Kaufland",
      "price": 5.11,
      "old_price": 6.64,
      "discount_pct": 23,
      "image_url": null,
      "off_barcode": null,
      "group_id": null,
      "match_type": null,
      "match_confidence": null,
      "quantity_g": null,
      "quantity_ml": null,
      "price_per_kg": null,
      "price_per_l": null
    },
    {
      "id": 3372,
      "name": "Зелени маслини от свежата витрина",
      "store": "Kaufland",
      "price": 9.99,
      "old_price": 12.99,
      "discount_pct": 23,
      "image_url": null,
      "off_barcode": null,
      "group_id": null,
      "match_type": null,
      "match_confidence": null,
      "quantity_g": null,
      "quantity_ml": null,
      "price_per_kg": null,
      "price_per_l": null
    },
    {
      "id": 245,
      "name": "ИДА",
      "store": "Kaufland",
      "price": 6.64,
      "old_price": 8.69,
      "discount_pct": 23,
      "image_url": null,
      "off_barcode": null,
      "group_id": null,
      "match_type": null,
      "match_confidence": null,
      "quantity_g": null,
      "quantity_ml": null,
      "price_per_kg": null,
      "price_per_l": null
    },
    {
      "id": 246,
      "name": "ИДА Торта\nмеден йогурт",
      "store": "Kaufland",
      "price": 12.99,
      "old_price": 17.0,
      "discount_pct": 23,
      "image_url": null,
      "off_barcode": null,
      "group_id": null,
      "match_type": null,
      "match_confidence": null,
      "quantity_g": null,
      "quantity_ml": null,
      "price_per_kg": null,
      "price_per_l": null
    },
    {
      "id": 6094,
      "name": "Киви",
      "store": "Lidl",
      "price": 1.17,
      "old_price": 1.53,
      "discount_pct": 23,
      "image_url": null,
      "off_barcode": null,
      "group_id": null,
      "match_type": null,
      "match_confidence": null,
      "quantity_g": null,
      "quantity_ml": null,
      "price_per_kg": null,
      "price_per_l": null
    },
    {
      "id": 1015,
      "name": "Лактофол",
      "store": "Kaufland",
      "price": 6.64,
      "old_price": 8.69,
      "discount_pct": 23,
      "image_url": null,
      "off_barcode": null,
      "group_id": null,
      "match_type": null,
      "match_confidence": null,
      "quantity_g": null,
      "quantity_ml": null,
      "price_per_kg": null,
      "price_per_l": null
    },
    {
      "id": 3398,
      "name": "Пица с шунка и моцарела от нашата пекарна",
      "store": "Kaufland",
      "price": 2.29,
      "old_price": 2.99,
      "discount_pct": 23,
      "image_url": null,
      "off_barcode": null,
      "group_id": null,
      "match_type": null,
      "match_confidence": null,
      "quantity_g": null,
      "quantity_ml": null,
      "price_per_kg": null,
      "price_per_l": null
    },
    {
      "id": 891,
      "name": "Само с Billa Card - CleanMaxx Акумулаторна прахосмукачка 22.2V, с включени принадлежности, 1 бр. Про",
      "store": "Billa",
      "price": 66.46,
      "old_price": 86.91,
      "discount_pct": 23,
      "image_url": null,
      "off_barcode": null,
      "group_id": null,
      "match_type": null,
      "match_confidence": null,
      "quantity_g": null,
      "quantity_ml": null,
      "price_per_kg": null,
      "price_per_l": null
    },
    {
      "id": 676,
      "name": "Супер цена - Staropramen Бира мултипакет 4 x 0,5 л Продукт, маркиран със синя звезда",
      "store": "Billa",
      "price": 2.59,
      "old_price": 3.37,
      "discount_pct": 23,
      "image_url": null,
      "off_barcode": null,
      "group_id": null,
      "match_type": null,
      "match_confidence": null,
      "quantity_g": null,
      "quantity_ml": 2000,
      "price_per_kg": null,
      "price_per_l": 1.29
    },
    {
      "id": 972,
      "name": "CHATEAU KARNOBAT",
      "store": "Kaufland",
      "price": 7.15,
      "old_price": 9.2,
      "discount_pct": 22,
      "image_url": null,
      "off_barcode": null,
      "group_id": null,
      "match_type": null,
      "match_confidence": null,
      "quantity_g": null,
      "quantity_ml": null,
      "price_per_kg": null,
      "price_per_l": null
    },
    {
      "id": 1047,
      "name": "Coco Rico",
      "store": "Kaufland",
      "price": 3.57,
      "old_price": 4.6,
      "discount_pct": 22,
      "image_url": null,
      "off_barcode": null,
      "group_id": null,
      "match_type": null,
      "match_confidence": null,
      "quantity_g": null,
      "quantity_ml": null,
      "price_per_kg": null,
      "price_per_l": null
    },
    {
      "id": 129,
      "name": "Coco Rico Пилешки крила",
      "store": "Kaufland",
      "price": 6.98,
      "old_price": 9.0,
      "discount_pct": 22,
      "image_url": null,
      "off_barcode": null,
      "group_id": null,
      "match_type": null,
      "match_confidence": null,
      "quantity_g": null,
      "quantity_ml": null,
      "price_per_kg": null,
      "price_per_l": null
    },
    {
      "id": 3259,
      "name": "Coco Rico Пилешко филе",
      "store": "Kaufland",
      "price": 11.99,
      "old_price": 15.49,
      "discount_pct": 22,
      "image_url": null,
      "off_barcode": null,
      "group_id": null,
      "match_type": null,
      "match_confidence": null,
      "quantity_g": null,
      "quantity_ml": null,
      "price_per_kg": null,
      "price_per_l": null
    },
    {
      "id": 3575,
      "name": "Florina Direct Сок\nразлични видове",
      "store": "Kaufland",
      "price": 6.98,
      "old_price": 9.0,
      "discount_pct": 22,
      "image_url": null,
      "off_barcode": null,
      "group_id": null,
      "match_type": null,
      "match_confidence": null,
      "quantity_g": null,
      "quantity_ml": null,
      "price_per_kg": null,
      "price_per_l": null
    },
    {
      "id": 3677,
      "name": "GILLETTE Самобръсначка Fusion/Proglid\n4 - 5 ножчета + поставка",
      "store": "Kaufland",
      "price": 38.98,
      "old_price": 49.99,
      "discount_pct": 22,
      "image_url": null,
      "off_barcode": null,
      "group_id": null,
      "match_type": null,
      "match_confidence": null,
      "quantity_g": null,
      "quantity_ml": null,
      "price_per_kg": null,
      "price_per_l": null
    },
    {
      "id": 1099,
      "name": "GOLDSTEIG",
      "store": "Kaufland",
      "price": 13.8,
      "old_price": 17.89,
      "discount_pct": 22,
      "image_url": null,
      "off_barcode": null,
      "group_id": null,
      "match_type": null,
      "match_confidence": null,
      "quantity_g": null,
      "quantity_ml": null,
      "price_per_kg": null,
      "price_per_l": null
    },
    {
      "id": 181,
      "name": "GOLDSTEIG Ементал\nГермания",
      "store": "Kaufland",
      "price": 26.99,
      "old_price": 34.99,
      "discount_pct": 22,
      "image_url": null,
      "off_barcode": null,
      "group_id": null,
      "match_type": null,
      "match_confidence": null,
      "quantity_g": null,
      "quantity_ml": null,
      "price_per_kg": null,
      "price_per_l": null
    },
    {
      "id": 3678,
      "name": "Gillette Самобръсначка\nс 4 ножчета и поставка",
      "store": "Kaufland",
      "price": 38.98,
      "old_price": 49.99,
      "discount_pct": 22,
      "image_url": null,
      "off_barcode": null,
      "group_id": null,
      "match_type": null,
      "match_confidence": null,
      "quantity_g": null,
      "quantity_ml": null,
      "price_per_kg": null,
      "price_per_l": null
    },
    {
      "id": 442,
      "name": "K-Classic Крем Chocremo",
      "store": "Kaufland",
      "price": 3.89,
      "old_price": 4.99,
      "discount_pct": 22,
      "image_url": null,
      "off_barcode": null,
      "group_id": null,
      "match_type": null,
      "match_confidence": null,
      "quantity_g": null,
      "quantity_ml": null,
      "price_per_kg": null,
      "price_per_l": null
    },
    {
      "id": 172,
      "name": "K-Classic Прясно мляко",
      "store": "Kaufland",
      "price": 1.99,
      "old_price": 2.58,
      "discount_pct": 22,
      "image_url": null,
      "off_barcode": null,
      "group_id": null,
      "match_type": null,
      "match_confidence": null,
      "quantity_g": null,
      "quantity_ml": null,
      "price_per_kg": null,
      "price_per_l": null
    },
    {
      "id": 394,
      "name": "K-Classic Храна за котки\nразлични видове",
      "store": "Kaufland",
      "price": 0.68,
      "old_price": 0.88,
      "discount_pct": 22,
      "image_url": null,
      "off_barcode": null,
      "group_id": null,
      "match_type": null,
      "match_confidence": null,
      "quantity_g": null,
      "quantity_ml": null,
      "price_per_kg": null,
      "price_per_l": null
    },
    {
      "id": 3818,
      "name": "K-Classic Щипки за пране\n20 бр.",
      "store": "Kaufland",
      "price": 3.48,
      "old_price": 4.5,
      "discount_pct": 22,
      "image_url": null,
      "off_barcode": null,
      "group_id": null,
      "match_type": null,
      "match_confidence": null,
      "quantity_g": null,
      "quantity_ml": null,
      "price_per_kg": null,
      "price_per_l": null
    },
    {
      "id": 3391,
      "name": "Kinder Суха паста Delice\nкакао",
      "store": "Kaufland",
      "price": 3.89,
      "old_price": 4.99,
      "discount_pct": 22,
      "image_url": null,
      "off_barcode": null,
      "group_id": null,
      "match_type": null,
      "match_confidence": null,
      "quantity_g": null,
      "quantity_ml": null,
      "price_per_kg": null,
      "price_per_l": null
    },
    {
      "id": 655,
      "name": "King оферта - Супер цена - Микс кебапчета и кюфтета за скара свинско месо 960 г",
      "store": "Billa",
      "price": 3.57,
      "old_price": 4.6,
      "discount_pct": 22,
      "image_url": null,
      "off_barcode": null,
      "group_id": null,
      "match_type": null,
      "match_confidence": null,
      "quantity_g": 960,
      "quantity_ml": null,
      "price_per_kg": 3.72,
      "price_per_l": null
    },
    {
      "id": 871,
      "name": "Loreal Excellence Боя за коса 1 опаковка - различни цветове",
      "store": "Billa",
      "price": 6.13,
      "old_price": 7.95,
      "discount_pct": 22,
      "image_url": null,
      "off_barcode": null,
      "group_id": null,
      "match_type": null,
      "match_confidence": null,
      "quantity_g": null,
      "quantity_ml": null,
      "price_per_kg": null,
      "price_per_l": null
    },
    {
      "id": 1380,
      "name": "NAN OPTIPRO 3",
      "store": "Kaufland",
      "price": 23.0,
      "old_price": 29.65,
      "discount_pct": 22,
      "image_url": null,
      "off_barcode": null,
      "group_id": null,
      "match_type": null,
      "match_confidence": null,
      "quantity_g": null,
      "quantity_ml": null,
      "price_per_kg": null,
      "price_per_l": null
    },
    {
      "id": 462,
      "name": "NAN OPTIPRO 3 Aдаптирано мляко",
      "store": "Kaufland",
      "price": 44.98,
      "old_price": 57.99,
      "discount_pct": 22,
      "image_url": null,
      "off_barcode": null,
      "group_id": null,
      "match_type": null,
      "match_confidence": null,
      "quantity_g": null,
      "quantity_ml": null,
      "price_per_kg": null,
      "price_per_l": null
    },
    {
      "id": 804,
      "name": "Raffaello Бонбони 150 г",
      "store": "Billa",
      "price": 3.37,
      "old_price": 4.34,
      "discount_pct": 22,
      "image_url": null,
      "off_barcode": null,
      "group_id": "g_8e296a06",
      "match_type": "name_similarity",
      "match_confidence": 1.0,
      "quantity_g": 150,
      "quantity_ml": null,
      "price_per_kg": 22.47,
      "price_per_l": null
    },
    {
      "id": 4064,
      "name": "STR8 Душ гел\nразлични видове",
      "store": "Kaufland",
      "price": 4.99,
      "old_price": 6.43,
      "discount_pct": 22,
      "image_url": null,
      "off_barcode": null,
      "group_id": null,
      "match_type": null,
      "match_confidence": null,
      "quantity_g": null,
      "quantity_ml": null,
      "price_per_kg": null,
      "price_per_l": null
    },
    {
      "id": 4068,
      "name": "The Pink Stuff Домакинска гъба\nразлични видове",
      "store": "Kaufland",
      "price": 7.78,
      "old_price": 9.99,
      "discount_pct": 22,
      "image_url": null,
      "off_barcode": null,
      "group_id": null,
      "match_type": null,
      "match_confidence": null,
      "quantity_g": null,
      "quantity_ml": null,
      "price_per_kg": null,
      "price_per_l": null
    },
    {
      "id": 3315,
      "name": "Zorov Сирене\nот краве мляко",
      "store": "Kaufland",
      "price": 10.48,
      "old_price": 13.55,
      "discount_pct": 22,
      "image_url": null,
      "off_barcode": null,
      "group_id": null,
      "match_type": null,
      "match_confidence": null,
      "quantity_g": null,
      "quantity_ml": null,
      "price_per_kg": null,
      "price_per_l": null
    },
    {
      "id": 5732,
      "name": "Българска салата микс",
      "store": "Lidl",
      "price": 1.38,
      "old_price": 1.78,
      "discount_pct": 22,
      "image_url": null,
      "off_barcode": null,
      "group_id": null,
      "match_type": null,
      "match_confidence": null,
      "quantity_g": null,
      "quantity_ml": null,
      "price_per_kg": null,
      "price_per_l": null
    },
    {
      "id": 5749,
      "name": "Бял хляб с квас",
      "store": "Lidl",
      "price": 0.99,
      "old_price": 1.27,
      "discount_pct": 22,
      "image_url": null,
      "off_barcode": null,
      "group_id": null,
      "match_type": null,
      "match_confidence": null,
      "quantity_g": null,
      "quantity_ml": null,
      "price_per_kg": null,
      "price_per_l": null
    },
    {
      "id": 3424,
      "name": "Вита баница различни видове",
      "store": "Kaufland",
      "price": 3.89,
      "old_price": 4.99,
      "discount_pct": 22,
      "image_url": null,
      "off_barcode": null,
      "group_id": null,
      "match_type": null,
      "match_confidence": null,
      "quantity_g": null,
      "quantity_ml": null,
      "price_per_kg": null,
      "price_per_l": null
    },
    {
      "id": 729,
      "name": "Закуска с кайсия и крем От Billa пекарна 85 г Billa Ready",
      "store": "Billa",
      "price": 0.51,
      "old_price": 0.66,
      "discount_pct": 22,
      "image_url": null,
      "off_barcode": null,
      "group_id": null,
      "match_type": null,
      "match_confidence": null,
      "quantity_g": 85,
      "quantity_ml": null,
      "price_per_kg": 6.0,
      "price_per_l": null
    },
    {
      "id": 4079,
      "name": "Златна Добруджа Хляб за тостер\nразлични видове",
      "store": "Kaufland",
      "price": 1.99,
      "old_price": 2.58,
      "discount_pct": 22,
      "image_url": null,
      "off_barcode": null,
      "group_id": null,
      "match_type": null,
      "match_confidence": null,
      "quantity_g": null,
      "quantity_ml": null,
      "price_per_kg": null,
      "price_per_l": null
    },
    {
      "id": 233,
      "name": "Ида Tорта Шварцвалд",
      "store": "Kaufland",
      "price": 13.98,
      "old_price": 17.99,
      "discount_pct": 22,
      "image_url": null,
      "off_barcode": null,
      "group_id": null,
      "match_type": null,
      "match_confidence": null,
      "quantity_g": null,
      "quantity_ml": null,
      "price_per_kg": null,
      "price_per_l": null
    },
    {
      "id": 3251,
      "name": "Кайма от свинско месо от свежата витрина",
      "store": "Kaufland",
      "price": 6.98,
      "old_price": 8.98,
      "discount_pct": 22,
      "image_url": null,
      "off_barcode": null,
      "group_id": null,
      "match_type": null,
      "match_confidence": null,
      "quantity_g": null,
      "quantity_ml": null,
      "price_per_kg": null,
      "price_per_l": null
    },
    {
      "id": 776,
      "name": "Кристал Локум цветен 140 г",
      "store": "Billa",
      "price": 0.59,
      "old_price": 0.76,
      "discount_pct": 22,
      "image_url": null,
      "off_barcode": null,
      "group_id": null,
      "match_type": null,
      "match_confidence": null,
      "quantity_g": 140,
      "quantity_ml": null,
      "price_per_kg": 4.21,
      "price_per_l": null
    },
    {
      "id": 5898,
      "name": "Прясна паста",
      "store": "Lidl",
      "price": 1.19,
      "old_price": 1.53,
      "discount_pct": 22,
      "image_url": null,
      "off_barcode": null,
      "group_id": null,
      "match_type": null,
      "match_confidence": null,
      "quantity_g": null,
      "quantity_ml": null,
      "price_per_kg": null,
      "price_per_l": null
    },
    {
      "id": 3291,
      "name": "Прясно мляко",
      "store": "Kaufland",
      "price": 1.99,
      "old_price": 2.58,
      "discount_pct": 22,
      "image_url": null,
      "off_barcode": null,
      "group_id": "g_45c48cce",
      "match_type": "name_similarity",
      "match_confidence": 1.0,
      "quantity_g": null,
      "quantity_ml": null,
      "price_per_kg": null,
      "price_per_l": null
    },
    {
      "id": 5959,
      "name": "Розa + Ягоди „Сърце“",
      "store": "Lidl",
      "price": 4.89,
      "old_price": 6.28,
      "discount_pct": 22,
      "image_url": null,
      "off_barcode": null,
      "group_id": null,
      "match_type": null,
      "match_confidence": null,
      "quantity_g": null,
      "quantity_ml": null,
      "price_per_kg": null,
      "price_per_l": null
    },
    {
      "id": 5834,
      "name": "Салам",
      "store": "Lidl",
      "price": 1.59,
      "old_price": 2.04,
      "discount_pct": 22,
      "image_url": null,
      "off_barcode": null,
      "group_id": null,
      "match_type": null,
      "match_confidence": null,
      "quantity_g": null,
      "quantity_ml": null,
      "price_per_kg": null,
      "price_per_l": null
    },
    {
      "id": 786,
      "name": "Само с Billa App - Happy Foottopia Чорапи с бамбук размер 35-38 / 39-42 или 43-46 - 1 чифт",
      "store": "Billa",
      "price": 1.78,
      "old_price": 2.3,
      "discount_pct": 22,
      "image_url": null,
      "off_barcode": null,
      "group_id": null,
      "match_type": null,
      "match_confidence": null,
      "quantity_g": null,
      "quantity_ml": null,
      "price_per_kg": null,
      "price_per_l": null
    },
    {
      "id": 770,
      "name": "Само с Billa Card - Kinder Pingui 30 г",
      "store": "Billa",
      "price": 0.71,
      "old_price": 0.92,
      "discount_pct": 22,
      "image_url": null,
      "off_barcode": null,
      "group_id": null,
      "match_type": null,
      "match_confidence": null,
      "quantity_g": 30,
      "quantity_ml": null,
      "price_per_kg": 23.67,
      "price_per_l": null
    },
    {
      "id": 5884,
      "name": "Соленки Панделки",
      "store": "Lidl",
      "price": 1.19,
      "old_price": 1.53,
      "discount_pct": 22,
      "image_url": null,
      "off_barcode": null,
      "group_id": null,
      "match_type": null,
      "match_confidence": null,
      "quantity_g": null,
      "quantity_ml": null,
      "price_per_kg": null,
      "price_per_l": null
    },
    {
      "id": 915,
      "name": "Супер цена - Schweppes газирана напитка 1,25 л",
      "store": "Billa",
      "price": 1.17,
      "old_price": 1.51,
      "discount_pct": 22,
      "image_url": null,
      "off_barcode": null,
      "group_id": null,
      "match_type": null,
      "match_confidence": null,
      "quantity_g": null,
      "quantity_ml": 1250,
      "price_per_kg": null,
      "price_per_l": 0.94
    },
    {
      "id": 1081,
      "name": "Суши Филаделфия",
      "store": "Kaufland",
      "price": 3.57,
      "old_price": 4.6,
      "discount_pct": 22,
      "image_url": null,
      "off_barcode": null,
      "group_id": null,
      "match_type": null,
      "match_confidence": null,
      "quantity_g": null,
      "quantity_ml": null,
      "price_per_kg": null,
      "price_per_l": null
    },
    {
      "id": 163,
      "name": "Суши Филаделфия от витрина на самообслужване",
      "store": "Kaufland",
      "price": 6.98,
      "old_price": 9.0,
      "discount_pct": 22,
      "image_url": null,
      "off_barcode": null,
      "group_id": null,
      "match_type": null,
      "match_confidence": null,
      "quantity_g": null,
      "quantity_ml": null,
      "price_per_kg": null,
      "price_per_l": null
    },
    {
      "id": 1159,
      "name": "Хляб Добруджа",
      "store": "Kaufland",
      "price": 0.61,
      "old_price": 0.79,
      "discount_pct": 22,
      "image_url": null,
      "off_barcode": null,
      "group_id": null,
      "match_type": null,
      "match_confidence": null,
      "quantity_g": null,
      "quantity_ml": null,
      "price_per_kg": null,
      "price_per_l": null
    },
    {
      "id": 1278,
      "name": "ANGEL'S SHARE/ SILVER ANGEL",
      "store": "Kaufland",
      "price": 6.64,
      "old_price": 8.43,
      "discount_pct": 21,
      "image_url": null,
      "off_barcode": null,
      "group_id": null,
      "match_type": null,
      "match_confidence": null,
      "quantity_g": null,
      "quantity_ml": null,
      "price_per_kg": null,
      "price_per_l": null
    },
    {
      "id": 360,
      "name": "ANGEL'S SHARE/ SILVER ANGEL Червено или Бяло вино\nразлични сортове",
      "store": "Kaufland",
      "price": 12.99,
      "old_price": 16.49,
      "discount_pct": 21,
      "image_url": null,
      "off_barcode": null,
      "group_id": null,
      "match_type": null,
      "match_confidence": null,
      "quantity_g": null,
      "quantity_ml": null,
      "price_per_kg": null,
      "price_per_l": null
    },
    {
      "id": 1247,
      "name": "Absolut",
      "store": "Kaufland",
      "price": 8.43,
      "old_price": 10.73,
      "discount_pct": 21,
      "image_url": null,
      "off_barcode": null,
      "group_id": null,
      "match_type": null,
      "match_confidence": null,
      "quantity_g": null,
      "quantity_ml": null,
      "price_per_kg": null,
      "price_per_l": null
    },
    {
      "id": 329,
      "name": "Absolut Водка\nразлични видове",
      "store": "Kaufland",
      "price": 16.49,
      "old_price": 20.99,
      "discount_pct": 21,
      "image_url": null,
      "off_barcode": null,
      "group_id": "g_6364d3f0",
      "match_type": "name_similarity",
      "match_confidence": 0.85,
      "quantity_g": null,
      "quantity_ml": null,
      "price_per_kg": null,
      "price_per_l": null
    },
    {
      "id": 3393,
      "name": "BACI DOLCI Торта\nягодова с бишкоти",
      "store": "Kaufland",
      "price": 14.79,
      "old_price": 18.8,
      "discount_pct": 21,
      "image_url": null,
      "off_barcode": null,
      "group_id": null,
      "match_type": null,
      "match_confidence": null,
      "quantity_g": null,
      "quantity_ml": null,
      "price_per_kg": null,
      "price_per_l": null
    },
    {
      "id": 1160,
      "name": "Bg Line",
      "store": "Kaufland",
      "price": 0.3,
      "old_price": 0.38,
      "discount_pct": 21,
      "image_url": null,
      "off_barcode": null,
      "group_id": null,
      "match_type": null,
      "match_confidence": null,
      "quantity_g": null,
      "quantity_ml": null,
      "price_per_kg": null,
      "price_per_l": null
    },
    {
      "id": 764,
      "name": "Billa Premium Пармиджано реджано 200 г",
      "store": "Billa",
      "price": 6.29,
      "old_price": 8.02,
      "discount_pct": 21,
      "image_url": null,
      "off_barcode": null,
      "group_id": null,
      "match_type": null,
      "match_confidence": null,
      "quantity_g": 200,
      "quantity_ml": null,
      "price_per_kg": 31.45,
      "price_per_l": null
    },
    {
      "id": 870,
      "name": "Billa Тоалетна хартия 3 пласта 16 бр. в опаковка",
      "store": "Billa",
      "price": 5.11,
      "old_price": 6.54,
      "discount_pct": 21,
      "image_url": null,
      "off_barcode": null,
      "group_id": null,
      "match_type": null,
      "match_confidence": null,
      "quantity_g": null,
      "quantity_ml": null,
      "price_per_kg": null,
      "price_per_l": null
    },
    {
      "id": 799,
      "name": "Billa Херинга филе различни видове 200 г",
      "store": "Billa",
      "price": 1.53,
      "old_price": 1.94,
      "discount_pct": 21,
      "image_url": null,
      "off_barcode": null,
      "group_id": null,
      "match_type": null,
      "match_confidence": null,
      "quantity_g": 200,
      "quantity_ml": null,
      "price_per_kg": 7.65,
      "price_per_l": null
    },
    {
      "id": 4083,
      "name": "Bona Vita Шоколадови топчета или\nМидички",
      "store": "Kaufland",
      "price": 5.48,
      "old_price": 6.98,
      "discount_pct": 21,
      "image_url": null,
      "off_barcode": null,
      "group_id": null,
      "match_type": null,
      "match_confidence": null,
      "quantity_g": null,
      "quantity_ml": null,
      "price_per_kg": null,
      "price_per_l": null
    },
    {
      "id": 773,
      "name": "Clever Суров орех 200 г",
      "store": "Billa",
      "price": 2.79,
      "old_price": 3.57,
      "discount_pct": 21,
      "image_url": null,
      "off_barcode": null,
      "group_id": null,
      "match_type": null,
      "match_confidence": null,
      "quantity_g": 200,
      "quantity_ml": null,
      "price_per_kg": 13.95,
      "price_per_l": null
    },
    {
      "id": 959,
      "name": "DELICHE",
      "store": "Kaufland",
      "price": 2.8,
      "old_price": 3.57,
      "discount_pct": 21,
      "image_url": null,
      "off_barcode": null,
      "group_id": null,
      "match_type": null,
      "match_confidence": null,
      "quantity_g": null,
      "quantity_ml": null,
      "price_per_kg": null,
      "price_per_l": null
    },
    {
      "id": 4300,
      "name": "Danone Activia пълнозърнеста\nразлични видове",
      "store": "Kaufland",
      "price": 1.99,
      "old_price": 2.54,
      "discount_pct": 21,
      "image_url": null,
      "off_barcode": null,
      "group_id": null,
      "match_type": null,
      "match_confidence": null,
      "quantity_g": null,
      "quantity_ml": null,
      "price_per_kg": null,
      "price_per_l": null
    },
    {
      "id": 1252,
      "name": "EM",
      "store": "Kaufland",
      "price": 7.66,
      "old_price": 9.71,
      "discount_pct": 21,
      "image_url": null,
      "off_barcode": null,
      "group_id": null,
      "match_type": null,
      "match_confidence": null,
      "quantity_g": null,
      "quantity_ml": null,
      "price_per_kg": null,
      "price_per_l": null
    },
    {
      "id": 334,
      "name": "EM Червено вино\nМавруд",
      "store": "Kaufland",
      "price": 14.98,
      "old_price": 18.99,
      "discount_pct": 21,
      "image_url": null,
      "off_barcode": null,
      "group_id": null,
      "match_type": null,
      "match_confidence": null,
      "quantity_g": null,
      "quantity_ml": null,
      "price_per_kg": null,
      "price_per_l": null
    },
    {
      "id": 333,
      "name": "EM Червено, Бяло вино или Розе\nразлични сортове",
      "store": "Kaufland",
      "price": 14.98,
      "old_price": 18.99,
      "discount_pct": 21,
      "image_url": null,
      "off_barcode": null,
      "group_id": null,
      "match_type": null,
      "match_confidence": null,
      "quantity_g": null,
      "quantity_ml": null,
      "price_per_kg": null,
      "price_per_l": null
    },
    {
      "id": 4020,
      "name": "FRENCH WHITE Имитиращ продукт",
      "store": "Kaufland",
      "price": 4.28,
      "old_price": 5.48,
      "discount_pct": 21,
      "image_url": null,
      "off_barcode": null,
      "group_id": null,
      "match_type": null,
      "match_confidence": null,
      "quantity_g": null,
      "quantity_ml": null,
      "price_per_kg": null,
      "price_per_l": null
    },
    {
      "id": 3206,
      "name": "Frudada Смути Манго и ананас 250мл",
      "store": "Kaufland",
      "price": 2.99,
      "old_price": 3.79,
      "discount_pct": 21,
      "image_url": null,
      "off_barcode": null,
      "group_id": null,
      "match_type": null,
      "match_confidence": null,
      "quantity_g": null,
      "quantity_ml": 250,
      "price_per_kg": null,
      "price_per_l": 11.96
    },
    {
      "id": 4039,
      "name": "Gillette Ножчета Fusion 5",
      "store": "Kaufland",
      "price": 54.98,
      "old_price": 70.0,
      "discount_pct": 21,
      "image_url": null,
      "off_barcode": null,
      "group_id": null,
      "match_type": null,
      "match_confidence": null,
      "quantity_g": null,
      "quantity_ml": null,
      "price_per_kg": null,
      "price_per_l": null
    },
    {
      "id": 970,
      "name": "Jack Daniels",
      "store": "Kaufland",
      "price": 18.91,
      "old_price": 24.03,
      "discount_pct": 21,
      "image_url": null,
      "off_barcode": null,
      "group_id": null,
      "match_type": null,
      "match_confidence": null,
      "quantity_g": null,
      "quantity_ml": null,
      "price_per_kg": null,
      "price_per_l": null
    },
    {
      "id": 3576,
      "name": "K-Classic Плодова напитка\nразлични видове",
      "store": "Kaufland",
      "price": 2.72,
      "old_price": 3.48,
      "discount_pct": 21,
      "image_url": null,
      "off_barcode": null,
      "group_id": null,
      "match_type": null,
      "match_confidence": null,
      "quantity_g": null,
      "quantity_ml": null,
      "price_per_kg": null,
      "price_per_l": null
    },
    {
      "id": 3535,
      "name": "Lava Bear Напитка\nразлични видове",
      "store": "Kaufland",
      "price": 2.72,
      "old_price": 3.48,
      "discount_pct": 21,
      "image_url": null,
      "off_barcode": null,
      "group_id": null,
      "match_type": null,
      "match_confidence": null,
      "quantity_g": null,
      "quantity_ml": null,
      "price_per_kg": null,
      "price_per_l": null
    },
    {
      "id": 777,
      "name": "Leader Brand Сладки с плодов пълнеж 270 г",
      "store": "Billa",
      "price": 1.84,
      "old_price": 2.35,
      "discount_pct": 21,
      "image_url": null,
      "off_barcode": null,
      "group_id": null,
      "match_type": null,
      "match_confidence": null,
      "quantity_g": 270,
      "quantity_ml": null,
      "price_per_kg": 6.81,
      "price_per_l": null
    },
    {
      "id": 746,
      "name": "Marca Italia Прошуто Кото слайс 130 г Продукт, маркиран със синя звезда",
      "store": "Billa",
      "price": 1.99,
      "old_price": 2.55,
      "discount_pct": 21,
      "image_url": null,
      "off_barcode": null,
      "group_id": null,
      "match_type": null,
      "match_confidence": null,
      "quantity_g": 130,
      "quantity_ml": null,
      "price_per_kg": 15.31,
      "price_per_l": null
    },
    {
      "id": 3208,
      "name": "Parmentine Френски червени картофи\nза салата",
      "store": "Kaufland",
      "price": 4.69,
      "old_price": 5.98,
      "discount_pct": 21,
      "image_url": null,
      "off_barcode": null,
      "group_id": null,
      "match_type": null,
      "match_confidence": null,
      "quantity_g": null,
      "quantity_ml": null,
      "price_per_kg": null,
      "price_per_l": null
    },
    {
      "id": 3351,
      "name": "Poppies Еклери\nс шоколадова глазура",
      "store": "Kaufland",
      "price": 4.69,
      "old_price": 5.98,
      "discount_pct": 21,
      "image_url": null,
      "off_barcode": null,
      "group_id": null,
      "match_type": null,
      "match_confidence": null,
      "quantity_g": null,
      "quantity_ml": null,
      "price_per_kg": null,
      "price_per_l": null
    },
    {
      "id": 3559,
      "name": "XIXO Безалкохолна газирана\nнапитка",
      "store": "Kaufland",
      "price": 0.74,
      "old_price": 0.94,
      "discount_pct": 21,
      "image_url": null,
      "off_barcode": null,
      "group_id": null,
      "match_type": null,
      "match_confidence": null,
      "quantity_g": null,
      "quantity_ml": null,
      "price_per_kg": null,
      "price_per_l": null
    },
    {
      "id": 3561,
      "name": "XIXO Студен чай\nразлични видове",
      "store": "Kaufland",
      "price": 0.74,
      "old_price": 0.94,
      "discount_pct": 21,
      "image_url": null,
      "off_barcode": null,
      "group_id": null,
      "match_type": null,
      "match_confidence": null,
      "quantity_g": null,
      "quantity_ml": null,
      "price_per_kg": null,
      "price_per_l": null
    },
    {
      "id": 3562,
      "name": "XIXO Студен чай\nразлични вкусове",
      "store": "Kaufland",
      "price": 0.74,
      "old_price": 0.94,
      "discount_pct": 21,
      "image_url": null,
      "off_barcode": null,
      "group_id": null,
      "match_type": null,
      "match_confidence": null,
      "quantity_g": null,
      "quantity_ml": null,
      "price_per_kg": null,
      "price_per_l": null
    },
    {
      "id": 3564,
      "name": "XIXO Студен чай или Газирана\nнапитка, различни видове",
      "store": "Kaufland",
      "price": 0.74,
      "old_price": 0.94,
      "discount_pct": 21,
      "image_url": null,
      "off_barcode": null,
      "group_id": null,
      "match_type": null,
      "match_confidence": null,
      "quantity_g": null,
      "quantity_ml": null,
      "price_per_kg": null,
      "price_per_l": null
    },
    {
      "id": 3565,
      "name": "XIXO Студен чай или Газирана\\nнапитка, различни видове",
      "store": "Kaufland",
      "price": 0.74,
      "old_price": 0.94,
      "discount_pct": 21,
      "image_url": null,
      "off_barcode": null,
      "group_id": null,
      "match_type": null,
      "match_confidence": null,
      "quantity_g": null,
      "quantity_ml": null,
      "price_per_kg": null,
      "price_per_l": null
    },
    {
      "id": 3560,
      "name": "XIXO Студен чай/ Газирана напитка\nразлични видове",
      "store": "Kaufland",
      "price": 0.74,
      "old_price": 0.94,
      "discount_pct": 21,
      "image_url": null,
      "off_barcode": null,
      "group_id": null,
      "match_type": null,
      "match_confidence": null,
      "quantity_g": null,
      "quantity_ml": null,
      "price_per_kg": null,
      "price_per_l": null
    },
    {
      "id": 3563,
      "name": "XIXO Студен чай\\nразлични вкусове",
      "store": "Kaufland",
      "price": 0.74,
      "old_price": 0.94,
      "discount_pct": 21,
      "image_url": null,
      "off_barcode": null,
      "group_id": null,
      "match_type": null,
      "match_confidence": null,
      "quantity_g": null,
      "quantity_ml": null,
      "price_per_kg": null,
      "price_per_l": null
    },
    {
      "id": 686,
      "name": "Ананас 1 бр.",
      "store": "Billa",
      "price": 1.99,
      "old_price": 2.55,
      "discount_pct": 21,
      "image_url": null,
      "off_barcode": null,
      "group_id": "g_34173cb3",
      "match_type": "name_similarity",
      "match_confidence": 1.0,
      "quantity_g": null,
      "quantity_ml": null,
      "price_per_kg": null,
      "price_per_l": null
    },
    {
      "id": 3316,
      "name": "Брей! Сирене\nот краве мляко",
      "store": "Kaufland",
      "price": 12.99,
      "old_price": 16.49,
      "discount_pct": 21,
      "image_url": null,
      "off_barcode": null,
      "group_id": null,
      "match_type": null,
      "match_confidence": null,
      "quantity_g": null,
      "quantity_ml": null,
      "price_per_kg": null,
      "price_per_l": null
    },
    {
      "id": 5792,
      "name": "Българско бяло саламурено сирене ЗНП",
      "store": "Lidl",
      "price": 3.59,
      "old_price": 4.6,
      "discount_pct": 21,
      "image_url": null,
      "off_barcode": null,
      "group_id": null,
      "match_type": null,
      "match_confidence": null,
      "quantity_g": null,
      "quantity_ml": null,
      "price_per_kg": null,
      "price_per_l": null
    },
    {
      "id": 1187,
      "name": "Веган кроасан",
      "store": "Kaufland",
      "price": 0.4,
      "old_price": 0.51,
      "discount_pct": 21,
      "image_url": null,
      "off_barcode": null,
      "group_id": null,
      "match_type": null,
      "match_confidence": null,
      "quantity_g": null,
      "quantity_ml": null,
      "price_per_kg": null,
      "price_per_l": null
    },
    {
      "id": 269,
      "name": "Веган кроасан с пълнеж кайсия",
      "store": "Kaufland",
      "price": 0.78,
      "old_price": 1.0,
      "discount_pct": 21,
      "image_url": null,
      "off_barcode": null,
      "group_id": null,
      "match_type": null,
      "match_confidence": null,
      "quantity_g": null,
      "quantity_ml": null,
      "price_per_kg": null,
      "price_per_l": null
    },
    {
      "id": 1256,
      "name": "ЕМ",
      "store": "Kaufland",
      "price": 7.66,
      "old_price": 9.71,
      "discount_pct": 21,
      "image_url": null,
      "off_barcode": null,
      "group_id": null,
      "match_type": null,
      "match_confidence": null,
      "quantity_g": null,
      "quantity_ml": null,
      "price_per_kg": null,
      "price_per_l": null
    },
    {
      "id": 338,
      "name": "ЕМ Червено, Бяло вино или Розе\nразлични сортове",
      "store": "Kaufland",
      "price": 14.98,
      "old_price": 18.99,
      "discount_pct": 21,
      "image_url": null,
      "off_barcode": null,
      "group_id": null,
      "match_type": null,
      "match_confidence": null,
      "quantity_g": null,
      "quantity_ml": null,
      "price_per_kg": null,
      "price_per_l": null
    },
    {
      "id": 1253,
      "name": "Едоардо Миролио",
      "store": "Kaufland",
      "price": 7.66,
      "old_price": 9.71,
      "discount_pct": 21,
      "image_url": null,
      "off_barcode": null,
      "group_id": null,
      "match_type": null,
      "match_confidence": null,
      "quantity_g": null,
      "quantity_ml": null,
      "price_per_kg": null,
      "price_per_l": null
    },
    {
      "id": 335,
      "name": "Едоардо Миролио Червено, бяло вино или розе",
      "store": "Kaufland",
      "price": 14.98,
      "old_price": 18.99,
      "discount_pct": 21,
      "image_url": null,
      "off_barcode": null,
      "group_id": null,
      "match_type": null,
      "match_confidence": null,
      "quantity_g": null,
      "quantity_ml": null,
      "price_per_kg": null,
      "price_per_l": null
    },
    {
      "id": 3428,
      "name": "Кринос Торта\nшоколадова",
      "store": "Kaufland",
      "price": 10.99,
      "old_price": 13.98,
      "discount_pct": 21,
      "image_url": null,
      "off_barcode": null,
      "group_id": null,
      "match_type": null,
      "match_confidence": null,
      "quantity_g": null,
      "quantity_ml": null,
      "price_per_kg": null,
      "price_per_l": null
    },
    {
      "id": 5850,
      "name": "Нектар Ябълка",
      "store": "Lidl",
      "price": 1.59,
      "old_price": 2.02,
      "discount_pct": 21,
      "image_url": null,
      "off_barcode": null,
      "group_id": null,
      "match_type": null,
      "match_confidence": null,
      "quantity_g": null,
      "quantity_ml": null,
      "price_per_kg": null,
      "price_per_l": null
    },
    {
      "id": 1250,
      "name": "Пещерска",
      "store": "Kaufland",
      "price": 7.66,
      "old_price": 9.71,
      "discount_pct": 21,
      "image_url": null,
      "off_barcode": null,
      "group_id": null,
      "match_type": null,
      "match_confidence": null,
      "quantity_g": null,
      "quantity_ml": null,
      "price_per_kg": null,
      "price_per_l": null
    },
    {
      "id": 332,
      "name": "Пещерска Гроздова ракия",
      "store": "Kaufland",
      "price": 14.98,
      "old_price": 18.99,
      "discount_pct": 21,
      "image_url": null,
      "off_barcode": null,
      "group_id": null,
      "match_type": null,
      "match_confidence": null,
      "quantity_g": null,
      "quantity_ml": null,
      "price_per_kg": null,
      "price_per_l": null
    },
    {
      "id": 862,
      "name": "Само с Billa Card - ANGEL'S Вино 0,75 л Произход - България",
      "store": "Billa",
      "price": 5.99,
      "old_price": 7.66,
      "discount_pct": 21,
      "image_url": null,
      "off_barcode": null,
      "group_id": null,
      "match_type": null,
      "match_confidence": null,
      "quantity_g": null,
      "quantity_ml": 750,
      "price_per_kg": null,
      "price_per_l": 7.99
    },
    {
      "id": 3388,
      "name": "Торта с бял шоколад и ванилия",
      "store": "Kaufland",
      "price": 10.99,
      "old_price": 13.98,
      "discount_pct": 21,
      "image_url": null,
      "off_barcode": null,
      "group_id": null,
      "match_type": null,
      "match_confidence": null,
      "quantity_g": null,
      "quantity_ml": null,
      "price_per_kg": null,
      "price_per_l": null
    },
    {
      "id": 135,
      "name": "Шеф Месар Парти кюфтенца",
      "store": "Kaufland",
      "price": 6.49,
      "old_price": 8.29,
      "discount_pct": 21,
      "image_url": null,
      "off_barcode": null,
      "group_id": null,
      "match_type": null,
      "match_confidence": null,
      "quantity_g": null,
      "quantity_ml": null,
      "price_per_kg": null,
      "price_per_l": null
    },
    {
      "id": 4084,
      "name": "Яйца размер М",
      "store": "Kaufland",
      "price": 5.48,
      "old_price": 6.98,
      "discount_pct": 21,
      "image_url": null,
      "off_barcode": null,
      "group_id": null,
      "match_type": null,
      "match_confidence": null,
      "quantity_g": null,
      "quantity_ml": null,
      "price_per_kg": null,
      "price_per_l": null
    },
    {
      "id": 3133,
      "name": "2 в 1 акумулаторна прахосмукачка | LIDL",
      "store": "Lidl",
      "price": 159.98,
      "old_price": 201.45,
      "discount_pct": 20,
      "image_url": null,
      "off_barcode": null,
      "group_id": null,
      "match_type": null,
      "match_confidence": null,
      "quantity_g": null,
      "quantity_ml": null,
      "price_per_kg": null,
      "price_per_l": null
    },
    {
      "id": 3433,
      "name": "7 DAYS Кроасан\nSuper Max/Double Super Max",
      "store": "Kaufland",
      "price": 1.58,
      "old_price": 1.99,
      "discount_pct": 20,
      "image_url": null,
      "off_barcode": null,
      "group_id": null,
      "match_type": null,
      "match_confidence": null,
      "quantity_g": null,
      "quantity_ml": null,
      "price_per_kg": null,
      "price_per_l": null
    },
    {
      "id": 4018,
      "name": "Actimel Млечна напитка\nразлични вкусове",
      "store": "Kaufland",
      "price": 3.68,
      "old_price": 4.65,
      "discount_pct": 20,
      "image_url": null,
      "off_barcode": null,
      "group_id": null,
      "match_type": null,
      "match_confidence": null,
      "quantity_g": null,
      "quantity_ml": null,
      "price_per_kg": null,
      "price_per_l": null
    },
    {
      "id": 3354,
      "name": "Balkan Сандвич Чабата\nразлични видове",
      "store": "Kaufland",
      "price": 3.99,
      "old_price": 4.99,
      "discount_pct": 20,
      "image_url": null,
      "off_barcode": null,
      "group_id": "g_c9f0f895",
      "match_type": "name_similarity",
      "match_confidence": 0.89,
      "quantity_g": null,
      "quantity_ml": null,
      "price_per_kg": null,
      "price_per_l": null
    },
    {
      "id": 4017,
      "name": "Becel Продукт за мазане\nOriginal",
      "store": "Kaufland",
      "price": 2.78,
      "old_price": 3.48,
      "discount_pct": 20,
      "image_url": null,
      "off_barcode": null,
      "group_id": null,
      "match_type": null,
      "match_confidence": null,
      "quantity_g": null,
      "quantity_ml": null,
      "price_per_kg": null,
      "price_per_l": null
    },
    {
      "id": 4325,
      "name": "Bg Line Суха паста Ретро\nразлични видове",
      "store": "Kaufland",
      "price": 0.59,
      "old_price": 0.74,
      "discount_pct": 20,
      "image_url": null,
      "off_barcode": null,
      "group_id": null,
      "match_type": null,
      "match_confidence": null,
      "quantity_g": null,
      "quantity_ml": null,
      "price_per_kg": null,
      "price_per_l": null
    },
    {
      "id": 815,
      "name": "Biscoff Бисквитен крем 400 г",
      "store": "Billa",
      "price": 4.49,
      "old_price": 5.62,
      "discount_pct": 20,
      "image_url": null,
      "off_barcode": null,
      "group_id": null,
      "match_type": null,
      "match_confidence": null,
      "quantity_g": 400,
      "quantity_ml": null,
      "price_per_kg": 11.23,
      "price_per_l": null
    },
    {
      "id": 557,
      "name": "DANONE",
      "store": "Kaufland",
      "price": 1.2,
      "old_price": 1.51,
      "discount_pct": 20,
      "image_url": null,
      "off_barcode": null,
      "group_id": null,
      "match_type": null,
      "match_confidence": null,
      "quantity_g": null,
      "quantity_ml": null,
      "price_per_kg": null,
      "price_per_l": null
    },
    {
      "id": 558,
      "name": "DANONE Млечен продукт YoPRO\nразлични вкусове",
      "store": "Kaufland",
      "price": 2.35,
      "old_price": 2.95,
      "discount_pct": 20,
      "image_url": null,
      "off_barcode": null,
      "group_id": null,
      "match_type": null,
      "match_confidence": null,
      "quantity_g": null,
      "quantity_ml": null,
      "price_per_kg": null,
      "price_per_l": null
    },
    {
      "id": 3588,
      "name": "Dante Храна за кучета\nс вкус на говеждо",
      "store": "Kaufland",
      "price": 3.99,
      "old_price": 4.99,
      "discount_pct": 20,
      "image_url": null,
      "off_barcode": null,
      "group_id": null,
      "match_type": null,
      "match_confidence": null,
      "quantity_g": null,
      "quantity_ml": null,
      "price_per_kg": null,
      "price_per_l": null
    },
    {
      "id": 1351,
      "name": "De Lora",
      "store": "Kaufland",
      "price": 0.76,
      "old_price": 0.96,
      "discount_pct": 20,
      "image_url": null,
      "off_barcode": null,
      "group_id": null,
      "match_type": null,
      "match_confidence": null,
      "quantity_g": null,
      "quantity_ml": null,
      "price_per_kg": null,
      "price_per_l": null
    },
    {
      "id": 433,
      "name": "De Lora Скумрия котлети\nразлични видове",
      "store": "Kaufland",
      "price": 1.49,
      "old_price": 1.88,
      "discount_pct": 20,
      "image_url": null,
      "off_barcode": null,
      "group_id": null,
      "match_type": null,
      "match_confidence": null,
      "quantity_g": null,
      "quantity_ml": null,
      "price_per_kg": null,
      "price_per_l": null
    },
    {
      "id": 1014,
      "name": "ENERGIZER",
      "store": "Kaufland",
      "price": 4.08,
      "old_price": 5.11,
      "discount_pct": 20,
      "image_url": null,
      "off_barcode": null,
      "group_id": null,
      "match_type": null,
      "match_confidence": null,
      "quantity_g": null,
      "quantity_ml": null,
      "price_per_kg": null,
      "price_per_l": null
    },
    {
      "id": 3358,
      "name": "EXCELSIOR Ананас\nразлични видове",
      "store": "Kaufland",
      "price": 3.99,
      "old_price": 4.99,
      "discount_pct": 20,
      "image_url": null,
      "off_barcode": null,
      "group_id": null,
      "match_type": null,
      "match_confidence": null,
      "quantity_g": null,
      "quantity_ml": null,
      "price_per_kg": null,
      "price_per_l": null
    },
    {
      "id": 183,
      "name": "Frezco Kашкавал от краве мляко",
      "store": "Kaufland",
      "price": 12.38,
      "old_price": 15.49,
      "discount_pct": 20,
      "image_url": null,
      "off_barcode": null,
      "group_id": null,
      "match_type": null,
      "match_confidence": null,
      "quantity_g": null,
      "quantity_ml": null,
      "price_per_kg": null,
      "price_per_l": null
    },
    {
      "id": 3203,
      "name": "Frudada Сок джинджифил, куркума 250",
      "store": "Kaufland",
      "price": 3.19,
      "old_price": 3.99,
      "discount_pct": 20,
      "image_url": null,
      "off_barcode": null,
      "group_id": null,
      "match_type": null,
      "match_confidence": null,
      "quantity_g": null,
      "quantity_ml": null,
      "price_per_kg": null,
      "price_per_l": null
    },
    {
      "id": 3324,
      "name": "K-CLASSIC Гъби нарязани\nзамразени",
      "store": "Kaufland",
      "price": 2.39,
      "old_price": 2.99,
      "discount_pct": 20,
      "image_url": null,
      "off_barcode": null,
      "group_id": null,
      "match_type": null,
      "match_confidence": null,
      "quantity_g": null,
      "quantity_ml": null,
      "price_per_kg": null,
      "price_per_l": null
    },
    {
      "id": 3524,
      "name": "LAVA BEAR Шоколад\nразлични видове",
      "store": "Kaufland",
      "price": 3.99,
      "old_price": 4.99,
      "discount_pct": 20,
      "image_url": null,
      "off_barcode": null,
      "group_id": null,
      "match_type": null,
      "match_confidence": null,
      "quantity_g": null,
      "quantity_ml": null,
      "price_per_kg": null,
      "price_per_l": null
    },
    {
      "id": 1231,
      "name": "Loacker",
      "store": "Kaufland",
      "price": 5.87,
      "old_price": 7.41,
      "discount_pct": 20,
      "image_url": null,
      "off_barcode": null,
      "group_id": null,
      "match_type": null,
      "match_confidence": null,
      "quantity_g": null,
      "quantity_ml": null,
      "price_per_kg": null,
      "price_per_l": null
    },
    {
      "id": 313,
      "name": "Loacker Шоколадови бонбони Rose\nразлични видове",
      "store": "Kaufland",
      "price": 11.48,
      "old_price": 14.49,
      "discount_pct": 20,
      "image_url": null,
      "off_barcode": null,
      "group_id": null,
      "match_type": null,
      "match_confidence": null,
      "quantity_g": null,
      "quantity_ml": null,
      "price_per_kg": null,
      "price_per_l": null
    },
    {
      "id": 1378,
      "name": "MADETA",
      "store": "Kaufland",
      "price": 1.58,
      "old_price": 1.99,
      "discount_pct": 20,
      "image_url": null,
      "off_barcode": null,
      "group_id": null,
      "match_type": null,
      "match_confidence": null,
      "quantity_g": null,
      "quantity_ml": null,
      "price_per_kg": null,
      "price_per_l": null
    },
    {
      "id": 4518,
      "name": "MADETA Синьо сирене\n60% масленост",
      "store": "Kaufland",
      "price": 3.09,
      "old_price": 3.89,
      "discount_pct": 20,
      "image_url": null,
      "off_barcode": null,
      "group_id": null,
      "match_type": null,
      "match_confidence": null,
      "quantity_g": null,
      "quantity_ml": null,
      "price_per_kg": null,
      "price_per_l": null
    },
    {
      "id": 1201,
      "name": "NIEDEREGGER",
      "store": "Kaufland",
      "price": 6.95,
      "old_price": 8.69,
      "discount_pct": 20,
      "image_url": null,
      "off_barcode": null,
      "group_id": null,
      "match_type": null,
      "match_confidence": null,
      "quantity_g": null,
      "quantity_ml": null,
      "price_per_kg": null,
      "price_per_l": null
    },
    {
      "id": 283,
      "name": "NIEDEREGGER Марципанови бонбони\nсърца",
      "store": "Kaufland",
      "price": 13.59,
      "old_price": 17.0,
      "discount_pct": 20,
      "image_url": null,
      "off_barcode": null,
      "group_id": null,
      "match_type": null,
      "match_confidence": null,
      "quantity_g": null,
      "quantity_ml": null,
      "price_per_kg": null,
      "price_per_l": null
    },
    {
      "id": 3284,
      "name": "OCEAN PICK Рибни деликатеси\nразлични вкусове",
      "store": "Kaufland",
      "price": 3.99,
      "old_price": 4.99,
      "discount_pct": 20,
      "image_url": null,
      "off_barcode": null,
      "group_id": null,
      "match_type": null,
      "match_confidence": null,
      "quantity_g": null,
      "quantity_ml": null,
      "price_per_kg": null,
      "price_per_l": null
    },
    {
      "id": 3198,
      "name": "Parmentine Картофи за печене\nфренски",
      "store": "Kaufland",
      "price": 3.99,
      "old_price": 4.99,
      "discount_pct": 20,
      "image_url": null,
      "off_barcode": null,
      "group_id": null,
      "match_type": null,
      "match_confidence": null,
      "quantity_g": null,
      "quantity_ml": null,
      "price_per_kg": null,
      "price_per_l": null
    },
    {
      "id": 3209,
      "name": "Parmentine Френски картофи\nподходящи за салата",
      "store": "Kaufland",
      "price": 3.99,
      "old_price": 4.99,
      "discount_pct": 20,
      "image_url": null,
      "off_barcode": null,
      "group_id": null,
      "match_type": null,
      "match_confidence": null,
      "quantity_g": null,
      "quantity_ml": null,
      "price_per_kg": null,
      "price_per_l": null
    },
    {
      "id": 1200,
      "name": "RAFFAELLO",
      "store": "Kaufland",
      "price": 4.95,
      "old_price": 6.19,
      "discount_pct": 20,
      "image_url": null,
      "off_barcode": null,
      "group_id": null,
      "match_type": null,
      "match_confidence": null,
      "quantity_g": null,
      "quantity_ml": null,
      "price_per_kg": null,
      "price_per_l": null
    },
    {
      "id": 282,
      "name": "RAFFAELLO Бонбони сърце",
      "store": "Kaufland",
      "price": 9.68,
      "old_price": 12.11,
      "discount_pct": 20,
      "image_url": null,
      "off_barcode": null,
      "group_id": null,
      "match_type": null,
      "match_confidence": null,
      "quantity_g": null,
      "quantity_ml": null,
      "price_per_kg": null,
      "price_per_l": null
    },
    {
      "id": 301,
      "name": "Raffaello Бонбони\nкокос",
      "store": "Kaufland",
      "price": 6.59,
      "old_price": 8.29,
      "discount_pct": 20,
      "image_url": null,
      "off_barcode": null,
      "group_id": null,
      "match_type": null,
      "match_confidence": null,
      "quantity_g": null,
      "quantity_ml": null,
      "price_per_kg": null,
      "price_per_l": null
    },
    {
      "id": 4342,
      "name": "Roshen Шоколадови бонбони\nChocolateria",
      "store": "Kaufland",
      "price": 9.49,
      "old_price": 11.99,
      "discount_pct": 20,
      "image_url": null,
      "off_barcode": null,
      "group_id": null,
      "match_type": null,
      "match_confidence": null,
      "quantity_g": null,
      "quantity_ml": null,
      "price_per_kg": null,
      "price_per_l": null
    },
    {
      "id": 4287,
      "name": "БРЕЙ! Кебапчета или Кюфтета\nстандарт \"Стара планина\"",
      "store": "Kaufland",
      "price": 5.98,
      "old_price": 7.49,
      "discount_pct": 20,
      "image_url": null,
      "off_barcode": null,
      "group_id": null,
      "match_type": null,
      "match_confidence": null,
      "quantity_g": null,
      "quantity_ml": null,
      "price_per_kg": null,
      "price_per_l": null
    },
    {
      "id": 136,
      "name": "БРЕЙ! Кюфтета\nстандарт \"Стара планина\"",
      "store": "Kaufland",
      "price": 5.98,
      "old_price": 7.49,
      "discount_pct": 20,
      "image_url": null,
      "off_barcode": null,
      "group_id": null,
      "match_type": null,
      "match_confidence": null,
      "quantity_g": null,
      "quantity_ml": null,
      "price_per_kg": null,
      "price_per_l": null
    },
    {
      "id": 637,
      "name": "Безалкохолна бира",
      "store": "Lidl",
      "price": 3.06,
      "old_price": 3.83,
      "discount_pct": 20,
      "image_url": null,
      "off_barcode": null,
      "group_id": null,
      "match_type": null,
      "match_confidence": null,
      "quantity_g": null,
      "quantity_ml": null,
      "price_per_kg": null,
      "price_per_l": null
    },
    {
      "id": 638,
      "name": "Британски чедър",
      "store": "Lidl",
      "price": 3.78,
      "old_price": 4.75,
      "discount_pct": 20,
      "image_url": null,
      "off_barcode": null,
      "group_id": null,
      "match_type": null,
      "match_confidence": null,
      "quantity_g": null,
      "quantity_ml": null,
      "price_per_kg": null,
      "price_per_l": null
    },
    {
      "id": 3431,
      "name": "Бял хляб",
      "store": "Kaufland",
      "price": 1.19,
      "old_price": 1.49,
      "discount_pct": 20,
      "image_url": null,
      "off_barcode": null,
      "group_id": "g_aab32389",
      "match_type": "name_similarity",
      "match_confidence": 1.0,
      "quantity_g": null,
      "quantity_ml": null,
      "price_per_kg": null,
      "price_per_l": null
    },
    {
      "id": 3283,
      "name": "Бяла Река Сьомгова пъстърва",
      "store": "Kaufland",
      "price": 15.98,
      "old_price": 19.99,
      "discount_pct": 20,
      "image_url": null,
      "off_barcode": null,
      "group_id": null,
      "match_type": null,
      "match_confidence": null,
      "quantity_g": null,
      "quantity_ml": null,
      "price_per_kg": null,
      "price_per_l": null
    },
    {
      "id": 4022,
      "name": "Ведраре Извара",
      "store": "Kaufland",
      "price": 3.19,
      "old_price": 3.99,
      "discount_pct": 20,
      "image_url": null,
      "off_barcode": null,
      "group_id": null,
      "match_type": null,
      "match_confidence": null,
      "quantity_g": null,
      "quantity_ml": null,
      "price_per_kg": null,
      "price_per_l": null
    },
    {
      "id": 1090,
      "name": "Верея",
      "store": "Kaufland",
      "price": 1.37,
      "old_price": 1.73,
      "discount_pct": 20,
      "image_url": null,
      "off_barcode": null,
      "group_id": null,
      "match_type": null,
      "match_confidence": null,
      "quantity_g": null,
      "quantity_ml": null,
      "price_per_kg": null,
      "price_per_l": null
    },
    {
      "id": 4299,
      "name": "Верея Прясно мляко",
      "store": "Kaufland",
      "price": 2.68,
      "old_price": 3.38,
      "discount_pct": 20,
      "image_url": null,
      "off_barcode": null,
      "group_id": null,
      "match_type": null,
      "match_confidence": null,
      "quantity_g": null,
      "quantity_ml": null,
      "price_per_kg": null,
      "price_per_l": null
    },
    {
      "id": 761,
      "name": "Веселина Салата Снежанка без консерванти 400 г Продукт, маркиран със синя звезда",
      "store": "Billa",
      "price": 2.55,
      "old_price": 3.22,
      "discount_pct": 20,
      "image_url": null,
      "off_barcode": null,
      "group_id": null,
      "match_type": null,
      "match_confidence": null,
      "quantity_g": 400,
      "quantity_ml": null,
      "price_per_kg": 6.38,
      "price_per_l": null
    },
    {
      "id": 5885,
      "name": "Гофрети",
      "store": "Lidl",
      "price": 1.63,
      "old_price": 2.04,
      "discount_pct": 20,
      "image_url": null,
      "off_barcode": null,
      "group_id": null,
      "match_type": null,
      "match_confidence": null,
      "quantity_g": null,
      "quantity_ml": null,
      "price_per_kg": null,
      "price_per_l": null
    },
    {
      "id": 3457,
      "name": "ДОМА Домашни сладки\nразлични видове",
      "store": "Kaufland",
      "price": 3.36,
      "old_price": 4.21,
      "discount_pct": 20,
      "image_url": null,
      "off_barcode": null,
      "group_id": null,
      "match_type": null,
      "match_confidence": null,
      "quantity_g": null,
      "quantity_ml": null,
      "price_per_kg": null,
      "price_per_l": null
    },
    {
      "id": 458,
      "name": "Димитър Маджаров Биволско кисело мляко",
      "store": "Kaufland",
      "price": 2.54,
      "old_price": 3.19,
      "discount_pct": 20,
      "image_url": null,
      "off_barcode": null,
      "group_id": null,
      "match_type": null,
      "match_confidence": null,
      "quantity_g": null,
      "quantity_ml": null,
      "price_per_kg": null,
      "price_per_l": null
    },
    {
      "id": 760,
      "name": "Димитър Маджаров Овче сирене ЗНП 700 г Продукт, маркиран със синя звезда Защитено наименование за пр",
      "store": "Billa",
      "price": 10.22,
      "old_price": 12.78,
      "discount_pct": 20,
      "image_url": null,
      "off_barcode": null,
      "group_id": null,
      "match_type": null,
      "match_confidence": null,
      "quantity_g": 700,
      "quantity_ml": null,
      "price_per_kg": 14.6,
      "price_per_l": null
    },
    {
      "id": 586,
      "name": "Конфитюр",
      "store": "Lidl",
      "price": 1.63,
      "old_price": 2.04,
      "discount_pct": 20,
      "image_url": null,
      "off_barcode": null,
      "group_id": null,
      "match_type": null,
      "match_confidence": null,
      "quantity_g": null,
      "quantity_ml": null,
      "price_per_kg": null,
      "price_per_l": null
    },
    {
      "id": 3273,
      "name": "Кълцана наденица от свежата витрина",
      "store": "Kaufland",
      "price": 9.99,
      "old_price": 12.5,
      "discount_pct": 20,
      "image_url": null,
      "off_barcode": null,
      "group_id": null,
      "match_type": null,
      "match_confidence": null,
      "quantity_g": null,
      "quantity_ml": null,
      "price_per_kg": null,
      "price_per_l": null
    },
    {
      "id": 1066,
      "name": "Майстор Цветко",
      "store": "Kaufland",
      "price": 8.17,
      "old_price": 10.22,
      "discount_pct": 20,
      "image_url": null,
      "off_barcode": null,
      "group_id": null,
      "match_type": null,
      "match_confidence": null,
      "quantity_g": null,
      "quantity_ml": null,
      "price_per_kg": null,
      "price_per_l": null
    },
    {
      "id": 4294,
      "name": "Майстор Цветко Пуешки гърди\nот свежата витрина",
      "store": "Kaufland",
      "price": 15.98,
      "old_price": 19.99,
      "discount_pct": 20,
      "image_url": null,
      "off_barcode": null,
      "group_id": null,
      "match_type": null,
      "match_confidence": null,
      "quantity_g": null,
      "quantity_ml": null,
      "price_per_kg": null,
      "price_per_l": null
    },
    {
      "id": 1377,
      "name": "Мероне",
      "store": "Kaufland",
      "price": 12.16,
      "old_price": 15.23,
      "discount_pct": 20,
      "image_url": null,
      "off_barcode": null,
      "group_id": null,
      "match_type": null,
      "match_confidence": null,
      "quantity_g": null,
      "quantity_ml": null,
      "price_per_kg": null,
      "price_per_l": null
    },
    {
      "id": 459,
      "name": "Мероне Кашкавал\nот краве мляко",
      "store": "Kaufland",
      "price": 23.78,
      "old_price": 29.79,
      "discount_pct": 20,
      "image_url": null,
      "off_barcode": null,
      "group_id": null,
      "match_type": null,
      "match_confidence": null,
      "quantity_g": null,
      "quantity_ml": null,
      "price_per_kg": null,
      "price_per_l": null
    },
    {
      "id": 4023,
      "name": "Мероне Краве сирене",
      "store": "Kaufland",
      "price": 7.98,
      "old_price": 9.99,
      "discount_pct": 20,
      "image_url": null,
      "off_barcode": null,
      "group_id": null,
      "match_type": null,
      "match_confidence": null,
      "quantity_g": null,
      "quantity_ml": null,
      "price_per_kg": null,
      "price_per_l": null
    },
    {
      "id": 639,
      "name": "Моцарела",
      "store": "Lidl",
      "price": 2.85,
      "old_price": 3.57,
      "discount_pct": 20,
      "image_url": null,
      "off_barcode": null,
      "group_id": null,
      "match_type": null,
      "match_confidence": null,
      "quantity_g": null,
      "quantity_ml": null,
      "price_per_kg": null,
      "price_per_l": null
    },
    {
      "id": 4240,
      "name": "НАШЕ СЕЛО Кисело мляко\nс каймак",
      "store": "Kaufland",
      "price": 3.99,
      "old_price": 4.99,
      "discount_pct": 20,
      "image_url": null,
      "off_barcode": null,
      "group_id": null,
      "match_type": null,
      "match_confidence": null,
      "quantity_g": null,
      "quantity_ml": null,
      "price_per_kg": null,
      "price_per_l": null
    },
    {
      "id": 621,
      "name": "Пърленка",
      "store": "Lidl",
      "price": 4.49,
      "old_price": 5.62,
      "discount_pct": 20,
      "image_url": null,
      "off_barcode": null,
      "group_id": null,
      "match_type": null,
      "match_confidence": null,
      "quantity_g": null,
      "quantity_ml": null,
      "price_per_kg": null,
      "price_per_l": null
    },
    {
      "id": 90,
      "name": "РИКАС Кисело мляко",
      "store": "Kaufland",
      "price": 0.78,
      "old_price": 0.98,
      "discount_pct": 20,
      "image_url": null,
      "off_barcode": null,
      "group_id": null,
      "match_type": null,
      "match_confidence": null,
      "quantity_g": null,
      "quantity_ml": null,
      "price_per_kg": null,
      "price_per_l": null
    },
    {
      "id": 3263,
      "name": "Свински ребра",
      "store": "Kaufland",
      "price": 13.98,
      "old_price": 17.58,
      "discount_pct": 20,
      "image_url": null,
      "off_barcode": null,
      "group_id": null,
      "match_type": null,
      "match_confidence": null,
      "quantity_g": null,
      "quantity_ml": null,
      "price_per_kg": null,
      "price_per_l": null
    },
    {
      "id": 6133,
      "name": "Сладолед",
      "store": "Lidl",
      "price": 1.99,
      "old_price": 2.49,
      "discount_pct": 20,
      "image_url": null,
      "off_barcode": null,
      "group_id": null,
      "match_type": null,
      "match_confidence": null,
      "quantity_g": null,
      "quantity_ml": null,
      "price_per_kg": null,
      "price_per_l": null
    },
    {
      "id": 673,
      "name": "Супер цена - Chateau Karnobat Вино 3 л Произход - България",
      "store": "Billa",
      "price": 7.29,
      "old_price": 9.2,
      "discount_pct": 20,
      "image_url": null,
      "off_barcode": null,
      "group_id": null,
      "match_type": null,
      "match_confidence": null,
      "quantity_g": null,
      "quantity_ml": 3000,
      "price_per_kg": null,
      "price_per_l": 2.43
    },
    {
      "id": 3270,
      "name": "Телешко шкембе",
      "store": "Kaufland",
      "price": 7.98,
      "old_price": 9.99,
      "discount_pct": 20,
      "image_url": null,
      "off_barcode": null,
      "group_id": null,
      "match_type": null,
      "match_confidence": null,
      "quantity_g": null,
      "quantity_ml": null,
      "price_per_kg": null,
      "price_per_l": null
    },
    {
      "id": 623,
      "name": "Филе от пуешко месо XXL",
      "store": "Lidl",
      "price": 1.22,
      "old_price": 1.53,
      "discount_pct": 20,
      "image_url": null,
      "off_barcode": null,
      "group_id": null,
      "match_type": null,
      "match_confidence": null,
      "quantity_g": null,
      "quantity_ml": null,
      "price_per_kg": null,
      "price_per_l": null
    },
    {
      "id": 4024,
      "name": "Хелиос Крема сирене\nбаланс",
      "store": "Kaufland",
      "price": 2.68,
      "old_price": 3.38,
      "discount_pct": 20,
      "image_url": null,
      "off_barcode": null,
      "group_id": null,
      "match_type": null,
      "match_confidence": null,
      "quantity_g": null,
      "quantity_ml": null,
      "price_per_kg": null,
      "price_per_l": null
    },
    {
      "id": 42,
      "name": "Шеф Месар",
      "store": "Kaufland",
      "price": 2.65,
      "old_price": 3.32,
      "discount_pct": 20,
      "image_url": null,
      "off_barcode": null,
      "group_id": null,
      "match_type": null,
      "match_confidence": null,
      "quantity_g": null,
      "quantity_ml": null,
      "price_per_kg": null,
      "price_per_l": null
    },
    {
      "id": 845,
      "name": "Billa Бисквити Cookies 150 г",
      "store": "Billa",
      "price": 1.53,
      "old_price": 1.89,
      "discount_pct": 19,
      "image_url": null,
      "off_barcode": null,
      "group_id": null,
      "match_type": null,
      "match_confidence": null,
      "quantity_g": 150,
      "quantity_ml": null,
      "price_per_kg": 10.2,
      "price_per_l": null
    },
    {
      "id": 893,
      "name": "Clever Резерва за моп пеперуда 1 бр.",
      "store": "Billa",
      "price": 2.04,
      "old_price": 2.55,
      "discount_pct": 19,
      "image_url": null,
      "off_barcode": null,
      "group_id": null,
      "match_type": null,
      "match_confidence": null,
      "quantity_g": null,
      "quantity_ml": null,
      "price_per_kg": null,
      "price_per_l": null
    },
    {
      "id": 816,
      "name": "Clever мюсли бар с тъмен шоколад 30 г",
      "store": "Billa",
      "price": 0.28,
      "old_price": 0.35,
      "discount_pct": 19,
      "image_url": null,
      "off_barcode": null,
      "group_id": null,
      "match_type": null,
      "match_confidence": null,
      "quantity_g": 30,
      "quantity_ml": null,
      "price_per_kg": 9.33,
      "price_per_l": null
    },
    {
      "id": 4082,
      "name": "K-Classic Жълти сирена\nслайс микс",
      "store": "Kaufland",
      "price": 4.65,
      "old_price": 5.79,
      "discount_pct": 19,
      "image_url": null,
      "off_barcode": null,
      "group_id": null,
      "match_type": null,
      "match_confidence": null,
      "quantity_g": null,
      "quantity_ml": null,
      "price_per_kg": null,
      "price_per_l": null
    },
    {
      "id": 1226,
      "name": "Lindt",
      "store": "Kaufland",
      "price": 4.85,
      "old_price": 6.03,
      "discount_pct": 19,
      "image_url": null,
      "off_barcode": null,
      "group_id": null,
      "match_type": null,
      "match_confidence": null,
      "quantity_g": null,
      "quantity_ml": null,
      "price_per_kg": null,
      "price_per_l": null
    },
    {
      "id": 1225,
      "name": "Lindt Les Grandes",
      "store": "Kaufland",
      "price": 4.85,
      "old_price": 6.03,
      "discount_pct": 19,
      "image_url": null,
      "off_barcode": null,
      "group_id": null,
      "match_type": null,
      "match_confidence": null,
      "quantity_g": null,
      "quantity_ml": null,
      "price_per_kg": null,
      "price_per_l": null
    },
    {
      "id": 307,
      "name": "Lindt Les Grandes Шоколад\nразлични видове",
      "store": "Kaufland",
      "price": 9.49,
      "old_price": 11.79,
      "discount_pct": 19,
      "image_url": null,
      "off_barcode": null,
      "group_id": null,
      "match_type": null,
      "match_confidence": null,
      "quantity_g": null,
      "quantity_ml": null,
      "price_per_kg": null,
      "price_per_l": null
    },
    {
      "id": 308,
      "name": "Lindt Шоколад Les Grandes",
      "store": "Kaufland",
      "price": 9.49,
      "old_price": 11.79,
      "discount_pct": 19,
      "image_url": null,
      "off_barcode": null,
      "group_id": null,
      "match_type": null,
      "match_confidence": null,
      "quantity_g": null,
      "quantity_ml": null,
      "price_per_kg": null,
      "price_per_l": null
    },
    {
      "id": 4638,
      "name": "Liv&Bo Шкаф за мивка\n58,1 x 55 x 28 см",
      "store": "Kaufland",
      "price": 79.99,
      "old_price": 99.98,
      "discount_pct": 19,
      "image_url": null,
      "off_barcode": null,
      "group_id": null,
      "match_type": null,
      "match_confidence": null,
      "quantity_g": null,
      "quantity_ml": null,
      "price_per_kg": null,
      "price_per_l": null
    },
    {
      "id": 35,
      "name": "OLD SPICE",
      "store": "Kaufland",
      "price": 3.68,
      "old_price": 4.6,
      "discount_pct": 19,
      "image_url": null,
      "off_barcode": null,
      "group_id": null,
      "match_type": null,
      "match_confidence": null,
      "quantity_g": null,
      "quantity_ml": null,
      "price_per_kg": null,
      "price_per_l": null
    },
    {
      "id": 863,
      "name": "Sobieski Водка Premium 0,7 л",
      "store": "Billa",
      "price": 6.13,
      "old_price": 7.66,
      "discount_pct": 19,
      "image_url": null,
      "off_barcode": null,
      "group_id": null,
      "match_type": null,
      "match_confidence": null,
      "quantity_g": null,
      "quantity_ml": 700,
      "price_per_kg": null,
      "price_per_l": 8.76
    },
    {
      "id": 727,
      "name": "Бабин хляб със семена или царевичен От Billa пекарна 220 г Billa Ready",
      "store": "Billa",
      "price": 1.02,
      "old_price": 1.27,
      "discount_pct": 19,
      "image_url": null,
      "off_barcode": null,
      "group_id": null,
      "match_type": null,
      "match_confidence": null,
      "quantity_g": 220,
      "quantity_ml": null,
      "price_per_kg": 4.64,
      "price_per_l": null
    },
    {
      "id": 711,
      "name": "Българска ферма Свински гърди с кост нарязани За 1 кг",
      "store": "Billa",
      "price": 6.13,
      "old_price": 7.66,
      "discount_pct": 19,
      "image_url": null,
      "off_barcode": null,
      "group_id": null,
      "match_type": null,
      "match_confidence": null,
      "quantity_g": 1000,
      "quantity_ml": null,
      "price_per_kg": 6.13,
      "price_per_l": null
    },
    {
      "id": 5830,
      "name": "Гьоза",
      "store": "Lidl",
      "price": 2.04,
      "old_price": 2.55,
      "discount_pct": 19,
      "image_url": null,
      "off_barcode": null,
      "group_id": null,
      "match_type": null,
      "match_confidence": null,
      "quantity_g": null,
      "quantity_ml": null,
      "price_per_kg": null,
      "price_per_l": null
    },
    {
      "id": 5769,
      "name": "Джолан Особуко",
      "store": "Lidl",
      "price": 12.27,
      "old_price": 15.33,
      "discount_pct": 19,
      "image_url": null,
      "off_barcode": null,
      "group_id": null,
      "match_type": null,
      "match_confidence": null,
      "quantity_g": null,
      "quantity_ml": null,
      "price_per_kg": null,
      "price_per_l": null
    },
    {
      "id": 5793,
      "name": "Кисело мляко XXL",
      "store": "Lidl",
      "price": 0.69,
      "old_price": 0.86,
      "discount_pct": 19,
      "image_url": null,
      "off_barcode": null,
      "group_id": null,
      "match_type": null,
      "match_confidence": null,
      "quantity_g": null,
      "quantity_ml": null,
      "price_per_kg": null,
      "price_per_l": null
    },
    {
      "id": 5702,
      "name": "Мини брецели",
      "store": "Lidl",
      "price": 0.69,
      "old_price": 0.86,
      "discount_pct": 19,
      "image_url": null,
      "off_barcode": null,
      "group_id": null,
      "match_type": null,
      "match_confidence": null,
      "quantity_g": null,
      "quantity_ml": null,
      "price_per_kg": null,
      "price_per_l": null
    },
    {
      "id": 5814,
      "name": "Паста за зъби",
      "store": "Lidl",
      "price": 0.61,
      "old_price": 0.76,
      "discount_pct": 19,
      "image_url": null,
      "off_barcode": null,
      "group_id": null,
      "match_type": null,
      "match_confidence": null,
      "quantity_g": null,
      "quantity_ml": null,
      "price_per_kg": null,
      "price_per_l": null
    },
    {
      "id": 5905,
      "name": "Пене или фузили",
      "store": "Lidl",
      "price": 0.49,
      "old_price": 0.61,
      "discount_pct": 19,
      "image_url": null,
      "off_barcode": null,
      "group_id": null,
      "match_type": null,
      "match_confidence": null,
      "quantity_g": null,
      "quantity_ml": null,
      "price_per_kg": null,
      "price_per_l": null
    },
    {
      "id": 687,
      "name": "Помело едро 1 бр.",
      "store": "Billa",
      "price": 1.53,
      "old_price": 1.9,
      "discount_pct": 19,
      "image_url": null,
      "off_barcode": null,
      "group_id": null,
      "match_type": null,
      "match_confidence": null,
      "quantity_g": null,
      "quantity_ml": null,
      "price_per_kg": null,
      "price_per_l": null
    },
    {
      "id": 5700,
      "name": "Сушен розмарин",
      "store": "Lidl",
      "price": 0.2,
      "old_price": 0.25,
      "discount_pct": 19,
      "image_url": null,
      "off_barcode": null,
      "group_id": null,
      "match_type": null,
      "match_confidence": null,
      "quantity_g": null,
      "quantity_ml": null,
      "price_per_kg": null,
      "price_per_l": null
    },
    {
      "id": 722,
      "name": "Тарамосалата бяла или розова 200 г",
      "store": "Billa",
      "price": 2.04,
      "old_price": 2.55,
      "discount_pct": 19,
      "image_url": null,
      "off_barcode": null,
      "group_id": null,
      "match_type": null,
      "match_confidence": null,
      "quantity_g": 200,
      "quantity_ml": null,
      "price_per_kg": 10.2,
      "price_per_l": null
    },
    {
      "id": 1003,
      "name": "Шкаф за баня",
      "store": "Kaufland",
      "price": 40.9,
      "old_price": 51.12,
      "discount_pct": 19,
      "image_url": null,
      "off_barcode": null,
      "group_id": null,
      "match_type": null,
      "match_confidence": null,
      "quantity_g": null,
      "quantity_ml": null,
      "price_per_kg": null,
      "price_per_l": null
    },
    {
      "id": 848,
      "name": "Billa Premium Бонбони от тъмен шоколад с пияна вишна 168 г",
      "store": "Billa",
      "price": 3.57,
      "old_price": 4.39,
      "discount_pct": 18,
      "image_url": null,
      "off_barcode": null,
      "group_id": null,
      "match_type": null,
      "match_confidence": null,
      "quantity_g": 168,
      "quantity_ml": null,
      "price_per_kg": 21.25,
      "price_per_l": null
    },
    {
      "id": 745,
      "name": "Clever Кренвиршr За1 кг",
      "store": "Billa",
      "price": 2.29,
      "old_price": 2.81,
      "discount_pct": 18,
      "image_url": null,
      "off_barcode": null,
      "group_id": null,
      "match_type": null,
      "match_confidence": null,
      "quantity_g": 1000,
      "quantity_ml": null,
      "price_per_kg": 2.29,
      "price_per_l": null
    },
    {
      "id": 3403,
      "name": "Dr. Oetker Крем Оле\nразлични вкусове",
      "store": "Kaufland",
      "price": 1.29,
      "old_price": 1.58,
      "discount_pct": 18,
      "image_url": null,
      "off_barcode": null,
      "group_id": null,
      "match_type": null,
      "match_confidence": null,
      "quantity_g": null,
      "quantity_ml": null,
      "price_per_kg": null,
      "price_per_l": null
    },
    {
      "id": 1382,
      "name": "Garnier",
      "store": "Kaufland",
      "price": 4.59,
      "old_price": 5.62,
      "discount_pct": 18,
      "image_url": null,
      "off_barcode": null,
      "group_id": null,
      "match_type": null,
      "match_confidence": null,
      "quantity_g": null,
      "quantity_ml": null,
      "price_per_kg": null,
      "price_per_l": null
    },
    {
      "id": 4520,
      "name": "Garnier Боя за коса Olia\nразлични цветове",
      "store": "Kaufland",
      "price": 8.98,
      "old_price": 10.99,
      "discount_pct": 18,
      "image_url": null,
      "off_barcode": null,
      "group_id": null,
      "match_type": null,
      "match_confidence": null,
      "quantity_g": null,
      "quantity_ml": null,
      "price_per_kg": null,
      "price_per_l": null
    },
    {
      "id": 3472,
      "name": "Jacobs Разтворимо кафе\n2 в 1 или 3 в 1",
      "store": "Kaufland",
      "price": 0.35,
      "old_price": 0.43,
      "discount_pct": 18,
      "image_url": null,
      "off_barcode": null,
      "group_id": null,
      "match_type": null,
      "match_confidence": null,
      "quantity_g": null,
      "quantity_ml": null,
      "price_per_kg": null,
      "price_per_l": null
    },
    {
      "id": 3473,
      "name": "Jacobs Разтворимо кафе 3в1\nразлични вкусове",
      "store": "Kaufland",
      "price": 0.35,
      "old_price": 0.43,
      "discount_pct": 18,
      "image_url": null,
      "off_barcode": null,
      "group_id": null,
      "match_type": null,
      "match_confidence": null,
      "quantity_g": null,
      "quantity_ml": null,
      "price_per_kg": null,
      "price_per_l": null
    },
    {
      "id": 3477,
      "name": "K-CLASSIC Мляно кафе\nбезкофеиново",
      "store": "Kaufland",
      "price": 6.49,
      "old_price": 7.98,
      "discount_pct": 18,
      "image_url": null,
      "off_barcode": null,
      "group_id": null,
      "match_type": null,
      "match_confidence": null,
      "quantity_g": null,
      "quantity_ml": null,
      "price_per_kg": null,
      "price_per_l": null
    },
    {
      "id": 1176,
      "name": "Nutella",
      "store": "Kaufland",
      "price": 7.66,
      "old_price": 9.45,
      "discount_pct": 18,
      "image_url": null,
      "off_barcode": null,
      "group_id": null,
      "match_type": null,
      "match_confidence": null,
      "quantity_g": null,
      "quantity_ml": null,
      "price_per_kg": null,
      "price_per_l": null
    },
    {
      "id": 258,
      "name": "Nutella Лешниково-какаов крем",
      "store": "Kaufland",
      "price": 14.98,
      "old_price": 18.48,
      "discount_pct": 18,
      "image_url": null,
      "off_barcode": null,
      "group_id": null,
      "match_type": null,
      "match_confidence": null,
      "quantity_g": null,
      "quantity_ml": null,
      "price_per_kg": null,
      "price_per_l": null
    },
    {
      "id": 5979,
      "name": "Purio Торби за смет",
      "store": "Lidl",
      "price": 1.17,
      "old_price": 1.43,
      "discount_pct": 18,
      "image_url": null,
      "off_barcode": null,
      "group_id": null,
      "match_type": null,
      "match_confidence": null,
      "quantity_g": null,
      "quantity_ml": null,
      "price_per_kg": null,
      "price_per_l": null
    },
    {
      "id": 3384,
      "name": "ЖАНЕТА Праскови",
      "store": "Kaufland",
      "price": 2.68,
      "old_price": 3.29,
      "discount_pct": 18,
      "image_url": null,
      "off_barcode": null,
      "group_id": null,
      "match_type": null,
      "match_confidence": null,
      "quantity_g": null,
      "quantity_ml": null,
      "price_per_kg": null,
      "price_per_l": null
    },
    {
      "id": 1135,
      "name": "Захира",
      "store": "Kaufland",
      "price": 0.81,
      "old_price": 0.99,
      "discount_pct": 18,
      "image_url": null,
      "off_barcode": null,
      "group_id": null,
      "match_type": null,
      "match_confidence": null,
      "quantity_g": null,
      "quantity_ml": null,
      "price_per_kg": null,
      "price_per_l": null
    },
    {
      "id": 217,
      "name": "Захира Пудра захар",
      "store": "Kaufland",
      "price": 1.58,
      "old_price": 1.94,
      "discount_pct": 18,
      "image_url": null,
      "off_barcode": null,
      "group_id": null,
      "match_type": null,
      "match_confidence": null,
      "quantity_g": null,
      "quantity_ml": null,
      "price_per_kg": null,
      "price_per_l": null
    },
    {
      "id": 3377,
      "name": "КЕНАР Сандвич\nразлични видове",
      "store": "Kaufland",
      "price": 2.99,
      "old_price": 3.68,
      "discount_pct": 18,
      "image_url": null,
      "off_barcode": null,
      "group_id": null,
      "match_type": null,
      "match_confidence": null,
      "quantity_g": null,
      "quantity_ml": null,
      "price_per_kg": null,
      "price_per_l": null
    },
    {
      "id": 6098,
      "name": "Панирани пилешки шницели",
      "store": "Lidl",
      "price": 4.99,
      "old_price": 6.13,
      "discount_pct": 18,
      "image_url": null,
      "off_barcode": null,
      "group_id": null,
      "match_type": null,
      "match_confidence": null,
      "quantity_g": null,
      "quantity_ml": null,
      "price_per_kg": null,
      "price_per_l": null
    },
    {
      "id": 5981,
      "name": "Препарат за почистване на под",
      "store": "Lidl",
      "price": 1.17,
      "old_price": 1.43,
      "discount_pct": 18,
      "image_url": null,
      "off_barcode": null,
      "group_id": null,
      "match_type": null,
      "match_confidence": null,
      "quantity_g": null,
      "quantity_ml": null,
      "price_per_kg": null,
      "price_per_l": null
    },
    {
      "id": 5748,
      "name": "Пълнозърнест хляб",
      "store": "Lidl",
      "price": 0.79,
      "old_price": 0.97,
      "discount_pct": 18,
      "image_url": null,
      "off_barcode": null,
      "group_id": null,
      "match_type": null,
      "match_confidence": null,
      "quantity_g": null,
      "quantity_ml": null,
      "price_per_kg": null,
      "price_per_l": null
    },
    {
      "id": 766,
      "name": "Само с Billa Card - Clever Моцарела настъргана 250 г Продукт, маркиран със синя звезда",
      "store": "Billa",
      "price": 1.78,
      "old_price": 2.19,
      "discount_pct": 18,
      "image_url": null,
      "off_barcode": null,
      "group_id": null,
      "match_type": null,
      "match_confidence": null,
      "quantity_g": 250,
      "quantity_ml": null,
      "price_per_kg": 7.12,
      "price_per_l": null
    },
    {
      "id": 3262,
      "name": "Суров Петрохан от свежата витрина",
      "store": "Kaufland",
      "price": 8.98,
      "old_price": 10.99,
      "discount_pct": 18,
      "image_url": null,
      "off_barcode": null,
      "group_id": null,
      "match_type": null,
      "match_confidence": null,
      "quantity_g": null,
      "quantity_ml": null,
      "price_per_kg": null,
      "price_per_l": null
    },
    {
      "id": 622,
      "name": "Филе от жълтоперест тон",
      "store": "Lidl",
      "price": 2.49,
      "old_price": 3.05,
      "discount_pct": 18,
      "image_url": null,
      "off_barcode": null,
      "group_id": null,
      "match_type": null,
      "match_confidence": null,
      "quantity_g": null,
      "quantity_ml": null,
      "price_per_kg": null,
      "price_per_l": null
    },
    {
      "id": 809,
      "name": "Billa Premium Тирамису или Профитероли 2 х 90 г",
      "store": "Billa",
      "price": 1.89,
      "old_price": 2.3,
      "discount_pct": 17,
      "image_url": null,
      "off_barcode": null,
      "group_id": null,
      "match_type": null,
      "match_confidence": null,
      "quantity_g": 180,
      "quantity_ml": null,
      "price_per_kg": 10.5,
      "price_per_l": null
    },
    {
      "id": 712,
      "name": "Grill Party Black angus бургер 300 г",
      "store": "Billa",
      "price": 3.57,
      "old_price": 4.34,
      "discount_pct": 17,
      "image_url": null,
      "off_barcode": null,
      "group_id": null,
      "match_type": null,
      "match_confidence": null,
      "quantity_g": 300,
      "quantity_ml": null,
      "price_per_kg": 11.9,
      "price_per_l": null
    },
    {
      "id": 3287,
      "name": "K-Classic Скир\nразлични видове",
      "store": "Kaufland",
      "price": 3.48,
      "old_price": 4.24,
      "discount_pct": 17,
      "image_url": null,
      "off_barcode": null,
      "group_id": null,
      "match_type": null,
      "match_confidence": null,
      "quantity_g": null,
      "quantity_ml": null,
      "price_per_kg": null,
      "price_per_l": null
    },
    {
      "id": 4012,
      "name": "K-Favourites Доматено пюре\nконцентрат",
      "store": "Kaufland",
      "price": 2.48,
      "old_price": 2.99,
      "discount_pct": 17,
      "image_url": null,
      "off_barcode": null,
      "group_id": null,
      "match_type": null,
      "match_confidence": null,
      "quantity_g": null,
      "quantity_ml": null,
      "price_per_kg": null,
      "price_per_l": null
    },
    {
      "id": 4011,
      "name": "K-Favourites Доматено пюре концентрат\nразлични видове",
      "store": "Kaufland",
      "price": 2.48,
      "old_price": 2.99,
      "discount_pct": 17,
      "image_url": null,
      "off_barcode": null,
      "group_id": null,
      "match_type": null,
      "match_confidence": null,
      "quantity_g": null,
      "quantity_ml": null,
      "price_per_kg": null,
      "price_per_l": null
    },
    {
      "id": 3379,
      "name": "Vernada Булгур\nразлични видове",
      "store": "Kaufland",
      "price": 2.29,
      "old_price": 2.78,
      "discount_pct": 17,
      "image_url": null,
      "off_barcode": null,
      "group_id": null,
      "match_type": null,
      "match_confidence": null,
      "quantity_g": null,
      "quantity_ml": null,
      "price_per_kg": null,
      "price_per_l": null
    },
    {
      "id": 1182,
      "name": "Боровец",
      "store": "Kaufland",
      "price": 0.76,
      "old_price": 0.92,
      "discount_pct": 17,
      "image_url": null,
      "off_barcode": null,
      "group_id": null,
      "match_type": null,
      "match_confidence": null,
      "quantity_g": null,
      "quantity_ml": null,
      "price_per_kg": null,
      "price_per_l": null
    },
    {
      "id": 4333,
      "name": "Боровец Кексче\nразлични видове",
      "store": "Kaufland",
      "price": 1.49,
      "old_price": 1.8,
      "discount_pct": 17,
      "image_url": null,
      "off_barcode": null,
      "group_id": null,
      "match_type": null,
      "match_confidence": null,
      "quantity_g": null,
      "quantity_ml": null,
      "price_per_kg": null,
      "price_per_l": null
    },
    {
      "id": 120,
      "name": "Брей! Жълт лук\nКлас: I",
      "store": "Kaufland",
      "price": 1.88,
      "old_price": 2.29,
      "discount_pct": 17,
      "image_url": null,
      "off_barcode": null,
      "group_id": null,
      "match_type": null,
      "match_confidence": null,
      "quantity_g": null,
      "quantity_ml": null,
      "price_per_kg": null,
      "price_per_l": null
    },
    {
      "id": 112,
      "name": "Брей! Червени ябълки",
      "store": "Kaufland",
      "price": 2.48,
      "old_price": 2.99,
      "discount_pct": 17,
      "image_url": null,
      "off_barcode": null,
      "group_id": null,
      "match_type": null,
      "match_confidence": null,
      "quantity_g": null,
      "quantity_ml": null,
      "price_per_kg": null,
      "price_per_l": null
    },
    {
      "id": 5790,
      "name": "Кашкавал от краве мляко",
      "store": "Lidl",
      "price": 5.49,
      "old_price": 6.64,
      "discount_pct": 17,
      "image_url": null,
      "off_barcode": null,
      "group_id": "g_8f14e45f",
      "match_type": "name_similarity",
      "match_confidence": 1.0,
      "quantity_g": null,
      "quantity_ml": null,
      "price_per_kg": null,
      "price_per_l": null
    },
    {
      "id": 5906,
      "name": "Макарони",
      "store": "Lidl",
      "price": 0.99,
      "old_price": 1.2,
      "discount_pct": 17,
      "image_url": null,
      "off_barcode": null,
      "group_id": null,
      "match_type": null,
      "match_confidence": null,
      "quantity_g": null,
      "quantity_ml": null,
      "price_per_kg": null,
      "price_per_l": null
    },
    {
      "id": 762,
      "name": "Само с Billa Card - Белииса Краве сирене шайба От деликатесната витрина За 1 кг",
      "store": "Billa",
      "price": 8.19,
      "old_price": 9.97,
      "discount_pct": 17,
      "image_url": null,
      "off_barcode": null,
      "group_id": null,
      "match_type": null,
      "match_confidence": null,
      "quantity_g": 1000,
      "quantity_ml": null,
      "price_per_kg": 8.19,
      "price_per_l": null
    },
    {
      "id": 3356,
      "name": "София Мел Фини кори",
      "store": "Kaufland",
      "price": 3.29,
      "old_price": 3.99,
      "discount_pct": 17,
      "image_url": null,
      "off_barcode": null,
      "group_id": null,
      "match_type": null,
      "match_confidence": null,
      "quantity_g": null,
      "quantity_ml": null,
      "price_per_kg": null,
      "price_per_l": null
    },
    {
      "id": 1084,
      "name": "Сьомгова пъстърва филе",
      "store": "Kaufland",
      "price": 12.26,
      "old_price": 14.82,
      "discount_pct": 17,
      "image_url": null,
      "off_barcode": null,
      "group_id": null,
      "match_type": null,
      "match_confidence": null,
      "quantity_g": null,
      "quantity_ml": null,
      "price_per_kg": null,
      "price_per_l": null
    },
    {
      "id": 781,
      "name": "Cruzares Вино 0,75 л",
      "store": "Billa",
      "price": 1.48,
      "old_price": 1.78,
      "discount_pct": 16,
      "image_url": null,
      "off_barcode": null,
      "group_id": null,
      "match_type": null,
      "match_confidence": null,
      "quantity_g": null,
      "quantity_ml": 750,
      "price_per_kg": null,
      "price_per_l": 1.97
    },
    {
      "id": 4420,
      "name": "Dante Храна за котки\nразлични видове",
      "store": "Kaufland",
      "price": 1.08,
      "old_price": 1.29,
      "discount_pct": 16,
      "image_url": null,
      "off_barcode": null,
      "group_id": null,
      "match_type": null,
      "match_confidence": null,
      "quantity_g": null,
      "quantity_ml": null,
      "price_per_kg": null,
      "price_per_l": null
    },
    {
      "id": 206,
      "name": "K-CLASSIC",
      "store": "Kaufland",
      "price": 2.55,
      "old_price": 3.06,
      "discount_pct": 16,
      "image_url": null,
      "off_barcode": null,
      "group_id": null,
      "match_type": null,
      "match_confidence": null,
      "quantity_g": null,
      "quantity_ml": null,
      "price_per_kg": null,
      "price_per_l": null
    },
    {
      "id": 4314,
      "name": "K-CLASSIC Бургер от говеждо месо\nразлични видове",
      "store": "Kaufland",
      "price": 4.99,
      "old_price": 5.98,
      "discount_pct": 16,
      "image_url": null,
      "off_barcode": null,
      "group_id": null,
      "match_type": null,
      "match_confidence": null,
      "quantity_g": null,
      "quantity_ml": null,
      "price_per_kg": null,
      "price_per_l": null
    },
    {
      "id": 3250,
      "name": "La Provincia Пилешки грил микс\nкг",
      "store": "Kaufland",
      "price": 9.99,
      "old_price": 11.99,
      "discount_pct": 16,
      "image_url": null,
      "off_barcode": null,
      "group_id": null,
      "match_type": null,
      "match_confidence": null,
      "quantity_g": null,
      "quantity_ml": null,
      "price_per_kg": null,
      "price_per_l": null
    },
    {
      "id": 5921,
      "name": "Бланширани сладки картофи",
      "store": "Lidl",
      "price": 2.55,
      "old_price": 3.06,
      "discount_pct": 16,
      "image_url": null,
      "off_barcode": null,
      "group_id": null,
      "match_type": null,
      "match_confidence": null,
      "quantity_g": null,
      "quantity_ml": null,
      "price_per_kg": null,
      "price_per_l": null
    },
    {
      "id": 4331,
      "name": "Брей! Българска пшеница\nгрухана",
      "store": "Kaufland",
      "price": 1.29,
      "old_price": 1.55,
      "discount_pct": 16,
      "image_url": null,
      "off_barcode": null,
      "group_id": null,
      "match_type": null,
      "match_confidence": null,
      "quantity_g": null,
      "quantity_ml": null,
      "price_per_kg": null,
      "price_per_l": null
    },
    {
      "id": 5707,
      "name": "Газирана безалкохолна напитка",
      "store": "Lidl",
      "price": 0.51,
      "old_price": 0.61,
      "discount_pct": 16,
      "image_url": null,
      "off_barcode": null,
      "group_id": null,
      "match_type": null,
      "match_confidence": null,
      "quantity_g": null,
      "quantity_ml": null,
      "price_per_kg": null,
      "price_per_l": null
    },
    {
      "id": 5693,
      "name": "Кайма",
      "store": "Lidl",
      "price": 0.81,
      "old_price": 0.97,
      "discount_pct": 16,
      "image_url": null,
      "off_barcode": null,
      "group_id": null,
      "match_type": null,
      "match_confidence": null,
      "quantity_g": null,
      "quantity_ml": null,
      "price_per_kg": null,
      "price_per_l": null
    },
    {
      "id": 5813,
      "name": "Крем сапун",
      "store": "Lidl",
      "price": 1.02,
      "old_price": 1.22,
      "discount_pct": 16,
      "image_url": null,
      "off_barcode": null,
      "group_id": null,
      "match_type": null,
      "match_confidence": null,
      "quantity_g": null,
      "quantity_ml": null,
      "price_per_kg": null,
      "price_per_l": null
    },
    {
      "id": 5832,
      "name": "Лазаня",
      "store": "Lidl",
      "price": 2.55,
      "old_price": 3.06,
      "discount_pct": 16,
      "image_url": null,
      "off_barcode": null,
      "group_id": null,
      "match_type": null,
      "match_confidence": null,
      "quantity_g": null,
      "quantity_ml": null,
      "price_per_kg": null,
      "price_per_l": null
    },
    {
      "id": 5865,
      "name": "Пастет за кучета",
      "store": "Lidl",
      "price": 0.51,
      "old_price": 0.61,
      "discount_pct": 16,
      "image_url": null,
      "off_barcode": null,
      "group_id": null,
      "match_type": null,
      "match_confidence": null,
      "quantity_g": null,
      "quantity_ml": null,
      "price_per_kg": null,
      "price_per_l": null
    },
    {
      "id": 736,
      "name": "Пилешка кавърма От топлата витрина За 1 кг Billa Ready",
      "store": "Billa",
      "price": 8.69,
      "old_price": 10.43,
      "discount_pct": 16,
      "image_url": null,
      "off_barcode": null,
      "group_id": null,
      "match_type": null,
      "match_confidence": null,
      "quantity_g": 1000,
      "quantity_ml": null,
      "price_per_kg": 8.69,
      "price_per_l": null
    },
    {
      "id": 5980,
      "name": "Салфетки",
      "store": "Lidl",
      "price": 0.81,
      "old_price": 0.97,
      "discount_pct": 16,
      "image_url": null,
      "off_barcode": null,
      "group_id": null,
      "match_type": null,
      "match_confidence": null,
      "quantity_g": null,
      "quantity_ml": null,
      "price_per_kg": null,
      "price_per_l": null
    },
    {
      "id": 788,
      "name": "Само с Billa App - Jagermeister Ликьор 0,7 л",
      "store": "Billa",
      "price": 11.75,
      "old_price": 14.06,
      "discount_pct": 16,
      "image_url": null,
      "off_barcode": null,
      "group_id": null,
      "match_type": null,
      "match_confidence": null,
      "quantity_g": null,
      "quantity_ml": 700,
      "price_per_kg": null,
      "price_per_l": 16.79
    },
    {
      "id": 3252,
      "name": "Свинско бабе от свежата витрина",
      "store": "Kaufland",
      "price": 9.99,
      "old_price": 11.99,
      "discount_pct": 16,
      "image_url": null,
      "off_barcode": null,
      "group_id": null,
      "match_type": null,
      "match_confidence": null,
      "quantity_g": null,
      "quantity_ml": null,
      "price_per_kg": null,
      "price_per_l": null
    },
    {
      "id": 5766,
      "name": "Свинско контрафиле",
      "store": "Lidl",
      "price": 2.89,
      "old_price": 3.47,
      "discount_pct": 16,
      "image_url": null,
      "off_barcode": null,
      "group_id": null,
      "match_type": null,
      "match_confidence": null,
      "quantity_g": null,
      "quantity_ml": null,
      "price_per_kg": null,
      "price_per_l": null
    },
    {
      "id": 1054,
      "name": "Сланина за печене",
      "store": "Kaufland",
      "price": 2.55,
      "old_price": 3.06,
      "discount_pct": 16,
      "image_url": null,
      "off_barcode": null,
      "group_id": null,
      "match_type": null,
      "match_confidence": null,
      "quantity_g": null,
      "quantity_ml": null,
      "price_per_kg": null,
      "price_per_l": null
    },
    {
      "id": 4286,
      "name": "Сланина за печене с чесън и билки",
      "store": "Kaufland",
      "price": 4.99,
      "old_price": 5.98,
      "discount_pct": 16,
      "image_url": null,
      "off_barcode": null,
      "group_id": null,
      "match_type": null,
      "match_confidence": null,
      "quantity_g": null,
      "quantity_ml": null,
      "price_per_kg": null,
      "price_per_l": null
    },
    {
      "id": 5831,
      "name": "Соев йогурт",
      "store": "Lidl",
      "price": 1.27,
      "old_price": 1.53,
      "discount_pct": 16,
      "image_url": null,
      "off_barcode": null,
      "group_id": null,
      "match_type": null,
      "match_confidence": null,
      "quantity_g": null,
      "quantity_ml": null,
      "price_per_kg": null,
      "price_per_l": null
    },
    {
      "id": 682,
      "name": "Супер цена - Finish Quantum Таблетки за съдомиялна 150 бр. в опаковка Продукт, маркиран със синя зве",
      "store": "Billa",
      "price": 23.92,
      "old_price": 28.63,
      "discount_pct": 16,
      "image_url": null,
      "off_barcode": null,
      "group_id": null,
      "match_type": null,
      "match_confidence": null,
      "quantity_g": null,
      "quantity_ml": null,
      "price_per_kg": null,
      "price_per_l": null
    },
    {
      "id": 724,
      "name": "Супер цена - Пица с шунка и моцарела От Billa пекарна 220 г Произход - България Billa Ready",
      "store": "Billa",
      "price": 1.27,
      "old_price": 1.53,
      "discount_pct": 16,
      "image_url": null,
      "off_barcode": null,
      "group_id": null,
      "match_type": null,
      "match_confidence": null,
      "quantity_g": 220,
      "quantity_ml": null,
      "price_per_kg": 5.77,
      "price_per_l": null
    },
    {
      "id": 771,
      "name": "Фантазия Десерт 100-110 г",
      "store": "Billa",
      "price": 0.92,
      "old_price": 1.1,
      "discount_pct": 16,
      "image_url": null,
      "off_barcode": null,
      "group_id": null,
      "match_type": null,
      "match_confidence": null,
      "quantity_g": 110,
      "quantity_ml": null,
      "price_per_kg": 8.36,
      "price_per_l": null
    },
    {
      "id": 877,
      "name": "Clever лакомства за котка 150 г Различни видове",
      "store": "Billa",
      "price": 1.07,
      "old_price": 1.27,
      "discount_pct": 15,
      "image_url": null,
      "off_barcode": null,
      "group_id": null,
      "match_type": null,
      "match_confidence": null,
      "quantity_g": 150,
      "quantity_ml": null,
      "price_per_kg": 7.13,
      "price_per_l": null
    },
    {
      "id": 3202,
      "name": "Freshko Шот\nразлични видове",
      "store": "Kaufland",
      "price": 1.68,
      "old_price": 1.99,
      "discount_pct": 15,
      "image_url": null,
      "off_barcode": null,
      "group_id": null,
      "match_type": null,
      "match_confidence": null,
      "quantity_g": null,
      "quantity_ml": null,
      "price_per_kg": null,
      "price_per_l": null
    },
    {
      "id": 5706,
      "name": "Schogetten Шоколад",
      "store": "Lidl",
      "price": 1.94,
      "old_price": 2.3,
      "discount_pct": 15,
      "image_url": null,
      "off_barcode": null,
      "group_id": null,
      "match_type": null,
      "match_confidence": null,
      "quantity_g": null,
      "quantity_ml": null,
      "price_per_kg": null,
      "price_per_l": null
    },
    {
      "id": 5703,
      "name": "Бира Голд",
      "store": "Lidl",
      "price": 0.56,
      "old_price": 0.66,
      "discount_pct": 15,
      "image_url": null,
      "off_barcode": null,
      "group_id": null,
      "match_type": null,
      "match_confidence": null,
      "quantity_g": null,
      "quantity_ml": null,
      "price_per_kg": null,
      "price_per_l": null
    },
    {
      "id": 5923,
      "name": "Бланширани картофи",
      "store": "Lidl",
      "price": 1.99,
      "old_price": 2.35,
      "discount_pct": 15,
      "image_url": null,
      "off_barcode": null,
      "group_id": null,
      "match_type": null,
      "match_confidence": null,
      "quantity_g": null,
      "quantity_ml": null,
      "price_per_kg": null,
      "price_per_l": null
    },
    {
      "id": 139,
      "name": "Брей! Суджук смес",
      "store": "Kaufland",
      "price": 8.49,
      "old_price": 9.99,
      "discount_pct": 15,
      "image_url": null,
      "off_barcode": null,
      "group_id": null,
      "match_type": null,
      "match_confidence": null,
      "quantity_g": null,
      "quantity_ml": null,
      "price_per_kg": null,
      "price_per_l": null
    },
    {
      "id": 5747,
      "name": "Брецел със сирене",
      "store": "Lidl",
      "price": 0.56,
      "old_price": 0.66,
      "discount_pct": 15,
      "image_url": null,
      "off_barcode": null,
      "group_id": null,
      "match_type": null,
      "match_confidence": null,
      "quantity_g": null,
      "quantity_ml": null,
      "price_per_kg": null,
      "price_per_l": null
    },
    {
      "id": 5697,
      "name": "Високопротеинов пудинг",
      "store": "Lidl",
      "price": 0.86,
      "old_price": 1.02,
      "discount_pct": 15,
      "image_url": null,
      "off_barcode": null,
      "group_id": null,
      "match_type": null,
      "match_confidence": null,
      "quantity_g": null,
      "quantity_ml": null,
      "price_per_kg": null,
      "price_per_l": null
    },
    {
      "id": 732,
      "name": "Домашна луканкова наденица От топлата витрина 1 бр. Billa Ready",
      "store": "Billa",
      "price": 1.29,
      "old_price": 1.53,
      "discount_pct": 15,
      "image_url": null,
      "off_barcode": null,
      "group_id": null,
      "match_type": null,
      "match_confidence": null,
      "quantity_g": null,
      "quantity_ml": null,
      "price_per_kg": null,
      "price_per_l": null
    },
    {
      "id": 1152,
      "name": "Елей",
      "store": "Kaufland",
      "price": 2.75,
      "old_price": 3.24,
      "discount_pct": 15,
      "image_url": null,
      "off_barcode": null,
      "group_id": null,
      "match_type": null,
      "match_confidence": null,
      "quantity_g": null,
      "quantity_ml": null,
      "price_per_kg": null,
      "price_per_l": null
    },
    {
      "id": 234,
      "name": "Елей Баварски сладкиш\nс шоколад",
      "store": "Kaufland",
      "price": 5.38,
      "old_price": 6.34,
      "discount_pct": 15,
      "image_url": null,
      "off_barcode": null,
      "group_id": null,
      "match_type": null,
      "match_confidence": null,
      "quantity_g": null,
      "quantity_ml": null,
      "price_per_kg": null,
      "price_per_l": null
    },
    {
      "id": 5866,
      "name": "Лакомства за котки",
      "store": "Lidl",
      "price": 1.07,
      "old_price": 1.27,
      "discount_pct": 15,
      "image_url": null,
      "off_barcode": null,
      "group_id": null,
      "match_type": null,
      "match_confidence": null,
      "quantity_g": null,
      "quantity_ml": null,
      "price_per_kg": null,
      "price_per_l": null
    },
    {
      "id": 5689,
      "name": "Лакомства за кучета",
      "store": "Lidl",
      "price": 0.86,
      "old_price": 1.02,
      "discount_pct": 15,
      "image_url": null,
      "off_barcode": null,
      "group_id": null,
      "match_type": null,
      "match_confidence": null,
      "quantity_g": null,
      "quantity_ml": null,
      "price_per_kg": null,
      "price_per_l": null
    },
    {
      "id": 3247,
      "name": "Леки Свинско филе",
      "store": "Kaufland",
      "price": 10.99,
      "old_price": 12.99,
      "discount_pct": 15,
      "image_url": null,
      "off_barcode": null,
      "group_id": null,
      "match_type": null,
      "match_confidence": null,
      "quantity_g": null,
      "quantity_ml": null,
      "price_per_kg": null,
      "price_per_l": null
    },
    {
      "id": 3211,
      "name": "Орехи с черупка",
      "store": "Kaufland",
      "price": 11.79,
      "old_price": 13.98,
      "discount_pct": 15,
      "image_url": null,
      "off_barcode": null,
      "group_id": null,
      "match_type": null,
      "match_confidence": null,
      "quantity_g": null,
      "quantity_ml": null,
      "price_per_kg": null,
      "price_per_l": null
    },
    {
      "id": 5840,
      "name": "Печени пилешки гърди",
      "store": "Lidl",
      "price": 0.86,
      "old_price": 1.02,
      "discount_pct": 15,
      "image_url": null,
      "off_barcode": null,
      "group_id": null,
      "match_type": null,
      "match_confidence": null,
      "quantity_g": null,
      "quantity_ml": null,
      "price_per_kg": null,
      "price_per_l": null
    },
    {
      "id": 5787,
      "name": "Синьо сирене",
      "store": "Lidl",
      "price": 1.38,
      "old_price": 1.63,
      "discount_pct": 15,
      "image_url": null,
      "off_barcode": null,
      "group_id": null,
      "match_type": null,
      "match_confidence": null,
      "quantity_g": null,
      "quantity_ml": null,
      "price_per_kg": null,
      "price_per_l": null
    },
    {
      "id": 734,
      "name": "Спагети с четири сирена От топлата витрина За 1 кг Billa Ready",
      "store": "Billa",
      "price": 8.19,
      "old_price": 9.71,
      "discount_pct": 15,
      "image_url": null,
      "off_barcode": null,
      "group_id": null,
      "match_type": null,
      "match_confidence": null,
      "quantity_g": 1000,
      "quantity_ml": null,
      "price_per_kg": 8.19,
      "price_per_l": null
    },
    {
      "id": 5684,
      "name": "Фъстъци",
      "store": "Lidl",
      "price": 0.43,
      "old_price": 0.51,
      "discount_pct": 15,
      "image_url": null,
      "off_barcode": null,
      "group_id": null,
      "match_type": null,
      "match_confidence": null,
      "quantity_g": null,
      "quantity_ml": null,
      "price_per_kg": null,
      "price_per_l": null
    },
    {
      "id": 1040,
      "name": "Червено грозде",
      "store": "Kaufland",
      "price": 2.29,
      "old_price": 2.7,
      "discount_pct": 15,
      "image_url": null,
      "off_barcode": null,
      "group_id": null,
      "match_type": null,
      "match_confidence": null,
      "quantity_g": null,
      "quantity_ml": null,
      "price_per_kg": null,
      "price_per_l": null
    },
    {
      "id": 122,
      "name": "Червено грозде без семки",
      "store": "Kaufland",
      "price": 4.48,
      "old_price": 5.28,
      "discount_pct": 15,
      "image_url": null,
      "off_barcode": null,
      "group_id": null,
      "match_type": null,
      "match_confidence": null,
      "quantity_g": null,
      "quantity_ml": null,
      "price_per_kg": null,
      "price_per_l": null
    },
    {
      "id": 3255,
      "name": "Шеф Месар Кебапчета или Кюфтета\nот телешко месо",
      "store": "Kaufland",
      "price": 8.49,
      "old_price": 9.99,
      "discount_pct": 15,
      "image_url": null,
      "off_barcode": null,
      "group_id": null,
      "match_type": null,
      "match_confidence": null,
      "quantity_g": null,
      "quantity_ml": null,
      "price_per_kg": null,
      "price_per_l": null
    },
    {
      "id": 3256,
      "name": "Шеф Месар Телешки кюфтета",
      "store": "Kaufland",
      "price": 8.49,
      "old_price": 9.99,
      "discount_pct": 15,
      "image_url": null,
      "off_barcode": null,
      "group_id": null,
      "match_type": null,
      "match_confidence": null,
      "quantity_g": null,
      "quantity_ml": null,
      "price_per_kg": null,
      "price_per_l": null
    },
    {
      "id": 5886,
      "name": "Шоколадови мини блокчета с кокос",
      "store": "Lidl",
      "price": 3.01,
      "old_price": 3.57,
      "discount_pct": 15,
      "image_url": null,
      "off_barcode": null,
      "group_id": null,
      "match_type": null,
      "match_confidence": null,
      "quantity_g": null,
      "quantity_ml": null,
      "price_per_kg": null,
      "price_per_l": null
    },
    {
      "id": 6103,
      "name": "Шотландско уиски",
      "store": "Lidl",
      "price": 2.29,
      "old_price": 2.7,
      "discount_pct": 15,
      "image_url": null,
      "off_barcode": null,
      "group_id": null,
      "match_type": null,
      "match_confidence": null,
      "quantity_g": null,
      "quantity_ml": null,
      "price_per_kg": null,
      "price_per_l": null
    },
    {
      "id": 5829,
      "name": "Balkan Сандвич Чабата",
      "store": "Lidl",
      "price": 2.19,
      "old_price": 2.55,
      "discount_pct": 14,
      "image_url": null,
      "off_barcode": null,
      "group_id": "g_c9f0f895",
      "match_type": "name_similarity",
      "match_confidence": 0.89,
      "quantity_g": null,
      "quantity_ml": null,
      "price_per_kg": null,
      "price_per_l": null
    },
    {
      "id": 212,
      "name": "K-Classic Мюсли крънч\nразлични видове",
      "store": "Kaufland",
      "price": 5.98,
      "old_price": 6.98,
      "discount_pct": 14,
      "image_url": null,
      "off_barcode": null,
      "group_id": null,
      "match_type": null,
      "match_confidence": null,
      "quantity_g": null,
      "quantity_ml": null,
      "price_per_kg": null,
      "price_per_l": null
    },
    {
      "id": 1230,
      "name": "KATY",
      "store": "Kaufland",
      "price": 3.06,
      "old_price": 3.57,
      "discount_pct": 14,
      "image_url": null,
      "off_barcode": null,
      "group_id": null,
      "match_type": null,
      "match_confidence": null,
      "quantity_g": null,
      "quantity_ml": null,
      "price_per_kg": null,
      "price_per_l": null
    },
    {
      "id": 312,
      "name": "KATY Шоколадови бонбони\nасорти",
      "store": "Kaufland",
      "price": 5.98,
      "old_price": 6.98,
      "discount_pct": 14,
      "image_url": null,
      "off_barcode": null,
      "group_id": null,
      "match_type": null,
      "match_confidence": null,
      "quantity_g": null,
      "quantity_ml": null,
      "price_per_kg": null,
      "price_per_l": null
    },
    {
      "id": 3439,
      "name": "MARLENKA Медени топчета\nразлични видове",
      "store": "Kaufland",
      "price": 11.48,
      "old_price": 13.4,
      "discount_pct": 14,
      "image_url": null,
      "off_barcode": null,
      "group_id": null,
      "match_type": null,
      "match_confidence": null,
      "quantity_g": null,
      "quantity_ml": null,
      "price_per_kg": null,
      "price_per_l": null
    },
    {
      "id": 1383,
      "name": "ORAL-B",
      "store": "Kaufland",
      "price": 15.33,
      "old_price": 17.89,
      "discount_pct": 14,
      "image_url": null,
      "off_barcode": null,
      "group_id": null,
      "match_type": null,
      "match_confidence": null,
      "quantity_g": null,
      "quantity_ml": null,
      "price_per_kg": null,
      "price_per_l": null
    },
    {
      "id": 59,
      "name": "ORAL-B Резервна глава\nразлични видове",
      "store": "Kaufland",
      "price": 29.98,
      "old_price": 34.99,
      "discount_pct": 14,
      "image_url": null,
      "off_barcode": null,
      "group_id": null,
      "match_type": null,
      "match_confidence": null,
      "quantity_g": null,
      "quantity_ml": null,
      "price_per_kg": null,
      "price_per_l": null
    },
    {
      "id": 3261,
      "name": "Аржентински бургер от премиум говеждо месо",
      "store": "Kaufland",
      "price": 2.99,
      "old_price": 3.48,
      "discount_pct": 14,
      "image_url": null,
      "off_barcode": null,
      "group_id": null,
      "match_type": null,
      "match_confidence": null,
      "quantity_g": null,
      "quantity_ml": null,
      "price_per_kg": null,
      "price_per_l": null
    },
    {
      "id": 5696,
      "name": "Безалкохолна напитка Лимонада",
      "store": "Lidl",
      "price": 1.53,
      "old_price": 1.78,
      "discount_pct": 14,
      "image_url": null,
      "off_barcode": null,
      "group_id": null,
      "match_type": null,
      "match_confidence": null,
      "quantity_g": null,
      "quantity_ml": null,
      "price_per_kg": null,
      "price_per_l": null
    },
    {
      "id": 3257,
      "name": "Брей! Карначе от свинско месо",
      "store": "Kaufland",
      "price": 5.98,
      "old_price": 6.98,
      "discount_pct": 14,
      "image_url": null,
      "off_barcode": null,
      "group_id": null,
      "match_type": null,
      "match_confidence": null,
      "quantity_g": null,
      "quantity_ml": null,
      "price_per_kg": null,
      "price_per_l": null
    },
    {
      "id": 5705,
      "name": "Горещ шоколад",
      "store": "Lidl",
      "price": 1.53,
      "old_price": 1.78,
      "discount_pct": 14,
      "image_url": null,
      "off_barcode": null,
      "group_id": null,
      "match_type": null,
      "match_confidence": null,
      "quantity_g": null,
      "quantity_ml": null,
      "price_per_kg": null,
      "price_per_l": null
    },
    {
      "id": 5685,
      "name": "Део рол-он",
      "store": "Lidl",
      "price": 0.86,
      "old_price": 1.0,
      "discount_pct": 14,
      "image_url": null,
      "off_barcode": null,
      "group_id": null,
      "match_type": null,
      "match_confidence": null,
      "quantity_g": null,
      "quantity_ml": null,
      "price_per_kg": null,
      "price_per_l": null
    },
    {
      "id": 5789,
      "name": "Извара",
      "store": "Lidl",
      "price": 2.19,
      "old_price": 2.55,
      "discount_pct": 14,
      "image_url": null,
      "off_barcode": null,
      "group_id": null,
      "match_type": null,
      "match_confidence": null,
      "quantity_g": null,
      "quantity_ml": null,
      "price_per_kg": null,
      "price_per_l": null
    },
    {
      "id": 1051,
      "name": "Кайма от свинско месо",
      "store": "Kaufland",
      "price": 3.83,
      "old_price": 4.49,
      "discount_pct": 14,
      "image_url": null,
      "off_barcode": null,
      "group_id": null,
      "match_type": null,
      "match_confidence": null,
      "quantity_g": null,
      "quantity_ml": null,
      "price_per_kg": null,
      "price_per_l": null
    },
    {
      "id": 5699,
      "name": "Кокос или авокадо",
      "store": "Lidl",
      "price": 2.19,
      "old_price": 2.55,
      "discount_pct": 14,
      "image_url": null,
      "off_barcode": null,
      "group_id": null,
      "match_type": null,
      "match_confidence": null,
      "quantity_g": null,
      "quantity_ml": null,
      "price_per_kg": null,
      "price_per_l": null
    },
    {
      "id": 5838,
      "name": "Кренвирши",
      "store": "Lidl",
      "price": 1.75,
      "old_price": 2.04,
      "discount_pct": 14,
      "image_url": null,
      "off_barcode": null,
      "group_id": null,
      "match_type": null,
      "match_confidence": null,
      "quantity_g": null,
      "quantity_ml": null,
      "price_per_kg": null,
      "price_per_l": null
    },
    {
      "id": 5767,
      "name": "Месо за готвене от прясно пилешко филе",
      "store": "Lidl",
      "price": 3.29,
      "old_price": 3.83,
      "discount_pct": 14,
      "image_url": null,
      "off_barcode": null,
      "group_id": null,
      "match_type": null,
      "match_confidence": null,
      "quantity_g": null,
      "quantity_ml": null,
      "price_per_kg": null,
      "price_per_l": null
    },
    {
      "id": 5788,
      "name": "Мляко UHT",
      "store": "Lidl",
      "price": 1.22,
      "old_price": 1.43,
      "discount_pct": 14,
      "image_url": null,
      "off_barcode": null,
      "group_id": null,
      "match_type": null,
      "match_confidence": null,
      "quantity_g": null,
      "quantity_ml": null,
      "price_per_kg": null,
      "price_per_l": null
    },
    {
      "id": 5694,
      "name": "Моцарела XXL",
      "store": "Lidl",
      "price": 4.99,
      "old_price": 5.87,
      "discount_pct": 14,
      "image_url": null,
      "off_barcode": null,
      "group_id": null,
      "match_type": null,
      "match_confidence": null,
      "quantity_g": null,
      "quantity_ml": null,
      "price_per_kg": null,
      "price_per_l": null
    },
    {
      "id": 5828,
      "name": "Немска деликатесна салата с колбас",
      "store": "Lidl",
      "price": 2.19,
      "old_price": 2.55,
      "discount_pct": 14,
      "image_url": null,
      "off_barcode": null,
      "group_id": null,
      "match_type": null,
      "match_confidence": null,
      "quantity_g": null,
      "quantity_ml": null,
      "price_per_kg": null,
      "price_per_l": null
    },
    {
      "id": 5815,
      "name": "Носни кърпички",
      "store": "Lidl",
      "price": 1.22,
      "old_price": 1.43,
      "discount_pct": 14,
      "image_url": null,
      "off_barcode": null,
      "group_id": null,
      "match_type": null,
      "match_confidence": null,
      "quantity_g": null,
      "quantity_ml": null,
      "price_per_kg": null,
      "price_per_l": null
    },
    {
      "id": 5922,
      "name": "Пилешки хапки",
      "store": "Lidl",
      "price": 2.19,
      "old_price": 2.55,
      "discount_pct": 14,
      "image_url": null,
      "off_barcode": null,
      "group_id": null,
      "match_type": null,
      "match_confidence": null,
      "quantity_g": null,
      "quantity_ml": null,
      "price_per_kg": null,
      "price_per_l": null
    },
    {
      "id": 1048,
      "name": "Пилешко долно бутче",
      "store": "Kaufland",
      "price": 3.47,
      "old_price": 4.08,
      "discount_pct": 14,
      "image_url": null,
      "off_barcode": null,
      "group_id": null,
      "match_type": null,
      "match_confidence": null,
      "quantity_g": null,
      "quantity_ml": null,
      "price_per_kg": null,
      "price_per_l": null
    },
    {
      "id": 130,
      "name": "Пилешко долно бутче с подправки",
      "store": "Kaufland",
      "price": 6.79,
      "old_price": 7.98,
      "discount_pct": 14,
      "image_url": null,
      "off_barcode": null,
      "group_id": null,
      "match_type": null,
      "match_confidence": null,
      "quantity_g": null,
      "quantity_ml": null,
      "price_per_kg": null,
      "price_per_l": null
    },
    {
      "id": 5849,
      "name": "Плодова напитка Портокал",
      "store": "Lidl",
      "price": 1.53,
      "old_price": 1.78,
      "discount_pct": 14,
      "image_url": null,
      "off_barcode": null,
      "group_id": null,
      "match_type": null,
      "match_confidence": null,
      "quantity_g": null,
      "quantity_ml": null,
      "price_per_kg": null,
      "price_per_l": null
    },
    {
      "id": 5795,
      "name": "Прясно мляко",
      "store": "Lidl",
      "price": 1.43,
      "old_price": 1.68,
      "discount_pct": 14,
      "image_url": null,
      "off_barcode": null,
      "group_id": "g_45c48cce",
      "match_type": "name_similarity",
      "match_confidence": 1.0,
      "quantity_g": null,
      "quantity_ml": null,
      "price_per_kg": null,
      "price_per_l": null
    },
    {
      "id": 6104,
      "name": "Самоса",
      "store": "Lidl",
      "price": 1.09,
      "old_price": 1.27,
      "discount_pct": 14,
      "image_url": null,
      "off_barcode": null,
      "group_id": null,
      "match_type": null,
      "match_confidence": null,
      "quantity_g": null,
      "quantity_ml": null,
      "price_per_kg": null,
      "price_per_l": null
    },
    {
      "id": 5848,
      "name": "Сок от плодове",
      "store": "Lidl",
      "price": 3.06,
      "old_price": 3.57,
      "discount_pct": 14,
      "image_url": null,
      "off_barcode": null,
      "group_id": null,
      "match_type": null,
      "match_confidence": null,
      "quantity_g": null,
      "quantity_ml": null,
      "price_per_kg": null,
      "price_per_l": null
    },
    {
      "id": 5892,
      "name": "Шоколадови мини блокчета",
      "store": "Lidl",
      "price": 3.06,
      "old_price": 3.57,
      "discount_pct": 14,
      "image_url": null,
      "off_barcode": null,
      "group_id": null,
      "match_type": null,
      "match_confidence": null,
      "quantity_g": null,
      "quantity_ml": null,
      "price_per_kg": null,
      "price_per_l": null
    },
    {
      "id": 3274,
      "name": "K BLUE BAY Порции сьомга филе",
      "store": "Kaufland",
      "price": 19.99,
      "old_price": 22.98,
      "discount_pct": 13,
      "image_url": null,
      "off_barcode": null,
      "group_id": null,
      "match_type": null,
      "match_confidence": null,
      "quantity_g": null,
      "quantity_ml": null,
      "price_per_kg": null,
      "price_per_l": null
    },
    {
      "id": 4014,
      "name": "K-Favourites Маслини Каламата\nсушени",
      "store": "Kaufland",
      "price": 3.29,
      "old_price": 3.79,
      "discount_pct": 13,
      "image_url": null,
      "off_barcode": null,
      "group_id": null,
      "match_type": null,
      "match_confidence": null,
      "quantity_g": null,
      "quantity_ml": null,
      "price_per_kg": null,
      "price_per_l": null
    },
    {
      "id": 1039,
      "name": "Авокадо",
      "store": "Kaufland",
      "price": 0.66,
      "old_price": 0.76,
      "discount_pct": 13,
      "image_url": null,
      "off_barcode": null,
      "group_id": "g_eccbc87e",
      "match_type": "name_similarity",
      "match_confidence": 1.0,
      "quantity_g": null,
      "quantity_ml": null,
      "price_per_kg": null,
      "price_per_l": null
    },
    {
      "id": 5835,
      "name": "Био меню",
      "store": "Lidl",
      "price": 1.22,
      "old_price": 1.41,
      "discount_pct": 13,
      "image_url": null,
      "off_barcode": null,
      "group_id": null,
      "match_type": null,
      "match_confidence": null,
      "quantity_g": null,
      "quantity_ml": null,
      "price_per_kg": null,
      "price_per_l": null
    },
    {
      "id": 5972,
      "name": "Гел за почистване на канали",
      "store": "Lidl",
      "price": 1.43,
      "old_price": 1.66,
      "discount_pct": 13,
      "image_url": null,
      "off_barcode": null,
      "group_id": null,
      "match_type": null,
      "match_confidence": null,
      "quantity_g": null,
      "quantity_ml": null,
      "price_per_kg": null,
      "price_per_l": null
    },
    {
      "id": 689,
      "name": "Домати розови За 1 кг",
      "store": "Billa",
      "price": 2.49,
      "old_price": 2.89,
      "discount_pct": 13,
      "image_url": null,
      "off_barcode": null,
      "group_id": null,
      "match_type": null,
      "match_confidence": null,
      "quantity_g": 1000,
      "quantity_ml": null,
      "price_per_kg": 2.49,
      "price_per_l": null
    },
    {
      "id": 5782,
      "name": "Крем сирене",
      "store": "Lidl",
      "price": 1.63,
      "old_price": 1.89,
      "discount_pct": 13,
      "image_url": null,
      "off_barcode": null,
      "group_id": null,
      "match_type": null,
      "match_confidence": null,
      "quantity_g": null,
      "quantity_ml": null,
      "price_per_kg": null,
      "price_per_l": null
    },
    {
      "id": 5839,
      "name": "Македонска наденица",
      "store": "Lidl",
      "price": 2.55,
      "old_price": 2.96,
      "discount_pct": 13,
      "image_url": null,
      "off_barcode": null,
      "group_id": null,
      "match_type": null,
      "match_confidence": null,
      "quantity_g": null,
      "quantity_ml": null,
      "price_per_kg": null,
      "price_per_l": null
    },
    {
      "id": 5698,
      "name": "Маслинова паста",
      "store": "Lidl",
      "price": 0.97,
      "old_price": 1.12,
      "discount_pct": 13,
      "image_url": null,
      "off_barcode": null,
      "group_id": null,
      "match_type": null,
      "match_confidence": null,
      "quantity_g": null,
      "quantity_ml": null,
      "price_per_kg": null,
      "price_per_l": null
    },
    {
      "id": 5786,
      "name": "Млечна напитка",
      "store": "Lidl",
      "price": 1.32,
      "old_price": 1.53,
      "discount_pct": 13,
      "image_url": null,
      "off_barcode": null,
      "group_id": null,
      "match_type": null,
      "match_confidence": null,
      "quantity_g": null,
      "quantity_ml": null,
      "price_per_kg": null,
      "price_per_l": null
    },
    {
      "id": 1053,
      "name": "Свински пръжки",
      "store": "Kaufland",
      "price": 3.32,
      "old_price": 3.83,
      "discount_pct": 13,
      "image_url": null,
      "off_barcode": null,
      "group_id": null,
      "match_type": null,
      "match_confidence": null,
      "quantity_g": null,
      "quantity_ml": null,
      "price_per_kg": null,
      "price_per_l": null
    },
    {
      "id": 4285,
      "name": "Свински пръжки беконови",
      "store": "Kaufland",
      "price": 6.49,
      "old_price": 7.49,
      "discount_pct": 13,
      "image_url": null,
      "off_barcode": null,
      "group_id": null,
      "match_type": null,
      "match_confidence": null,
      "quantity_g": null,
      "quantity_ml": null,
      "price_per_kg": null,
      "price_per_l": null
    },
    {
      "id": 5833,
      "name": "Суши сет Мукава",
      "store": "Lidl",
      "price": 4.85,
      "old_price": 5.62,
      "discount_pct": 13,
      "image_url": null,
      "off_barcode": null,
      "group_id": null,
      "match_type": null,
      "match_confidence": null,
      "quantity_g": null,
      "quantity_ml": null,
      "price_per_kg": null,
      "price_per_l": null
    },
    {
      "id": 5973,
      "name": "Течен перилен препарат",
      "store": "Lidl",
      "price": 3.98,
      "old_price": 4.6,
      "discount_pct": 13,
      "image_url": null,
      "off_barcode": null,
      "group_id": null,
      "match_type": null,
      "match_confidence": null,
      "quantity_g": null,
      "quantity_ml": null,
      "price_per_kg": null,
      "price_per_l": null
    },
    {
      "id": 5695,
      "name": "Тортила питки",
      "store": "Lidl",
      "price": 1.32,
      "old_price": 1.53,
      "discount_pct": 13,
      "image_url": null,
      "off_barcode": null,
      "group_id": null,
      "match_type": null,
      "match_confidence": null,
      "quantity_g": null,
      "quantity_ml": null,
      "price_per_kg": null,
      "price_per_l": null
    },
    {
      "id": 3204,
      "name": "Fresh & Cool Салата Капрезе",
      "store": "Kaufland",
      "price": 6.98,
      "old_price": 8.0,
      "discount_pct": 12,
      "image_url": null,
      "off_barcode": null,
      "group_id": null,
      "match_type": null,
      "match_confidence": null,
      "quantity_g": null,
      "quantity_ml": null,
      "price_per_kg": null,
      "price_per_l": null
    },
    {
      "id": 3205,
      "name": "Fresh & Cool Салата Цезар",
      "store": "Kaufland",
      "price": 6.98,
      "old_price": 8.0,
      "discount_pct": 12,
      "image_url": null,
      "off_barcode": null,
      "group_id": null,
      "match_type": null,
      "match_confidence": null,
      "quantity_g": null,
      "quantity_ml": null,
      "price_per_kg": null,
      "price_per_l": null
    },
    {
      "id": 3378,
      "name": "K-Classic Бургер\nразлични видове",
      "store": "Kaufland",
      "price": 4.79,
      "old_price": 5.48,
      "discount_pct": 12,
      "image_url": null,
      "off_barcode": null,
      "group_id": null,
      "match_type": null,
      "match_confidence": null,
      "quantity_g": null,
      "quantity_ml": null,
      "price_per_kg": null,
      "price_per_l": null
    },
    {
      "id": 3344,
      "name": "K-Classic Опашки от скариди\nразлични видове",
      "store": "Kaufland",
      "price": 7.49,
      "old_price": 8.59,
      "discount_pct": 12,
      "image_url": null,
      "off_barcode": null,
      "group_id": null,
      "match_type": null,
      "match_confidence": null,
      "quantity_g": null,
      "quantity_ml": null,
      "price_per_kg": null,
      "price_per_l": null
    },
    {
      "id": 3703,
      "name": "K-Classic Храна за кучета\nразлични видове",
      "store": "Kaufland",
      "price": 1.39,
      "old_price": 1.58,
      "discount_pct": 12,
      "image_url": null,
      "off_barcode": null,
      "group_id": null,
      "match_type": null,
      "match_confidence": null,
      "quantity_g": null,
      "quantity_ml": null,
      "price_per_kg": null,
      "price_per_l": null
    },
    {
      "id": 1016,
      "name": "Medix",
      "store": "Kaufland",
      "price": 1.42,
      "old_price": 1.63,
      "discount_pct": 12,
      "image_url": null,
      "off_barcode": null,
      "group_id": null,
      "match_type": null,
      "match_confidence": null,
      "quantity_g": null,
      "quantity_ml": null,
      "price_per_kg": null,
      "price_per_l": null
    },
    {
      "id": 4280,
      "name": "Брей! Репички",
      "store": "Kaufland",
      "price": 1.58,
      "old_price": 1.8,
      "discount_pct": 12,
      "image_url": null,
      "off_barcode": null,
      "group_id": null,
      "match_type": null,
      "match_confidence": null,
      "quantity_g": null,
      "quantity_ml": null,
      "price_per_kg": null,
      "price_per_l": null
    },
    {
      "id": 5704,
      "name": "Круши в сок от грозде",
      "store": "Lidl",
      "price": 2.24,
      "old_price": 2.55,
      "discount_pct": 12,
      "image_url": null,
      "off_barcode": null,
      "group_id": null,
      "match_type": null,
      "match_confidence": null,
      "quantity_g": null,
      "quantity_ml": null,
      "price_per_kg": null,
      "price_per_l": null
    },
    {
      "id": 3322,
      "name": "K-CLASSIC Сладолед Мини Макс\nразлични вкусове",
      "store": "Kaufland",
      "price": 7.98,
      "old_price": 8.98,
      "discount_pct": 11,
      "image_url": null,
      "off_barcode": null,
      "group_id": null,
      "match_type": null,
      "match_confidence": null,
      "quantity_g": null,
      "quantity_ml": null,
      "price_per_kg": null,
      "price_per_l": null
    },
    {
      "id": 3323,
      "name": "K-Classic Сладолед на клечка Mini-Maxx\nразлични вкусове",
      "store": "Kaufland",
      "price": 7.98,
      "old_price": 8.98,
      "discount_pct": 11,
      "image_url": null,
      "off_barcode": null,
      "group_id": null,
      "match_type": null,
      "match_confidence": null,
      "quantity_g": null,
      "quantity_ml": null,
      "price_per_kg": null,
      "price_per_l": null
    },
    {
      "id": 4075,
      "name": "K-Favourites Пармезан reggiano",
      "store": "Kaufland",
      "price": 9.68,
      "old_price": 10.99,
      "discount_pct": 11,
      "image_url": null,
      "off_barcode": null,
      "group_id": null,
      "match_type": null,
      "match_confidence": null,
      "quantity_g": null,
      "quantity_ml": null,
      "price_per_kg": null,
      "price_per_l": null
    },
    {
      "id": 5692,
      "name": "Говежди или хамбургски колбас",
      "store": "Lidl",
      "price": 7.66,
      "old_price": 8.69,
      "discount_pct": 11,
      "image_url": null,
      "off_barcode": null,
      "group_id": null,
      "match_type": null,
      "match_confidence": null,
      "quantity_g": null,
      "quantity_ml": null,
      "price_per_kg": null,
      "price_per_l": null
    },
    {
      "id": 5708,
      "name": "Душ гел",
      "store": "Lidl",
      "price": 1.12,
      "old_price": 1.27,
      "discount_pct": 11,
      "image_url": null,
      "off_barcode": null,
      "group_id": null,
      "match_type": null,
      "match_confidence": null,
      "quantity_g": null,
      "quantity_ml": null,
      "price_per_kg": null,
      "price_per_l": null
    },
    {
      "id": 1459,
      "name": "Кабели за ток",
      "store": "Kaufland",
      "price": 7.66,
      "old_price": 8.69,
      "discount_pct": 11,
      "image_url": null,
      "off_barcode": null,
      "group_id": null,
      "match_type": null,
      "match_confidence": null,
      "quantity_g": null,
      "quantity_ml": null,
      "price_per_kg": null,
      "price_per_l": null
    },
    {
      "id": 9,
      "name": "Кабели за ток 600 А, дължина 3,5 м",
      "store": "Kaufland",
      "price": 14.98,
      "old_price": 17.0,
      "discount_pct": 11,
      "image_url": null,
      "off_barcode": null,
      "group_id": null,
      "match_type": null,
      "match_confidence": null,
      "quantity_g": null,
      "quantity_ml": null,
      "price_per_kg": null,
      "price_per_l": null
    },
    {
      "id": 5765,
      "name": "Месо за готвене от младо телешко",
      "store": "Lidl",
      "price": 5.77,
      "old_price": 6.49,
      "discount_pct": 11,
      "image_url": null,
      "off_barcode": null,
      "group_id": null,
      "match_type": null,
      "match_confidence": null,
      "quantity_g": null,
      "quantity_ml": null,
      "price_per_kg": null,
      "price_per_l": null
    },
    {
      "id": 5924,
      "name": "Мини пици Маргарита",
      "store": "Lidl",
      "price": 2.7,
      "old_price": 3.06,
      "discount_pct": 11,
      "image_url": null,
      "off_barcode": null,
      "group_id": null,
      "match_type": null,
      "match_confidence": null,
      "quantity_g": null,
      "quantity_ml": null,
      "price_per_kg": null,
      "price_per_l": null
    },
    {
      "id": 3272,
      "name": "Петрички суджук от свежата витрина",
      "store": "Kaufland",
      "price": 11.99,
      "old_price": 13.5,
      "discount_pct": 11,
      "image_url": null,
      "off_barcode": null,
      "group_id": null,
      "match_type": null,
      "match_confidence": null,
      "quantity_g": null,
      "quantity_ml": null,
      "price_per_kg": null,
      "price_per_l": null
    },
    {
      "id": 1046,
      "name": "Пуешко месо за готвене",
      "store": "Kaufland",
      "price": 7.66,
      "old_price": 8.69,
      "discount_pct": 11,
      "image_url": null,
      "off_barcode": null,
      "group_id": null,
      "match_type": null,
      "match_confidence": null,
      "quantity_g": null,
      "quantity_ml": null,
      "price_per_kg": null,
      "price_per_l": null
    },
    {
      "id": 128,
      "name": "Пуешко месо за готвене от бут",
      "store": "Kaufland",
      "price": 14.98,
      "old_price": 17.0,
      "discount_pct": 11,
      "image_url": null,
      "off_barcode": null,
      "group_id": null,
      "match_type": null,
      "match_confidence": null,
      "quantity_g": null,
      "quantity_ml": null,
      "price_per_kg": null,
      "price_per_l": null
    },
    {
      "id": 5864,
      "name": "Суха храна за котки",
      "store": "Lidl",
      "price": 3.83,
      "old_price": 4.34,
      "discount_pct": 11,
      "image_url": null,
      "off_barcode": null,
      "group_id": "g_d3d94468",
      "match_type": "name_similarity",
      "match_confidence": 0.77,
      "quantity_g": null,
      "quantity_ml": null,
      "price_per_kg": null,
      "price_per_l": null
    },
    {
      "id": 1308,
      "name": "H&S",
      "store": "Kaufland",
      "price": 4.08,
      "old_price": 4.58,
      "discount_pct": 10,
      "image_url": null,
      "off_barcode": null,
      "group_id": null,
      "match_type": null,
      "match_confidence": null,
      "quantity_g": null,
      "quantity_ml": null,
      "price_per_kg": null,
      "price_per_l": null
    },
    {
      "id": 4411,
      "name": "H&S Шампоан\nClarify&Shine Apple",
      "store": "Kaufland",
      "price": 7.98,
      "old_price": 8.96,
      "discount_pct": 10,
      "image_url": null,
      "off_barcode": null,
      "group_id": null,
      "match_type": null,
      "match_confidence": null,
      "quantity_g": null,
      "quantity_ml": null,
      "price_per_kg": null,
      "price_per_l": null
    },
    {
      "id": 1307,
      "name": "HEAD & SHOULDERS",
      "store": "Kaufland",
      "price": 4.08,
      "old_price": 4.58,
      "discount_pct": 10,
      "image_url": null,
      "off_barcode": null,
      "group_id": null,
      "match_type": null,
      "match_confidence": null,
      "quantity_g": null,
      "quantity_ml": null,
      "price_per_kg": null,
      "price_per_l": null
    },
    {
      "id": 4410,
      "name": "HEAD & SHOULDERS Шампоан\nразлични видове",
      "store": "Kaufland",
      "price": 7.98,
      "old_price": 8.96,
      "discount_pct": 10,
      "image_url": null,
      "off_barcode": null,
      "group_id": null,
      "match_type": null,
      "match_confidence": null,
      "quantity_g": null,
      "quantity_ml": null,
      "price_per_kg": null,
      "price_per_l": null
    },
    {
      "id": 388,
      "name": "HEAD & SHOULDERS Шампоан или Балсам\nразлични видове",
      "store": "Kaufland",
      "price": 7.98,
      "old_price": 8.96,
      "discount_pct": 10,
      "image_url": null,
      "off_barcode": null,
      "group_id": null,
      "match_type": null,
      "match_confidence": null,
      "quantity_g": null,
      "quantity_ml": null,
      "price_per_kg": null,
      "price_per_l": null
    },
    {
      "id": 1260,
      "name": "Voscarini",
      "store": "Kaufland",
      "price": 3.57,
      "old_price": 3.98,
      "discount_pct": 10,
      "image_url": null,
      "off_barcode": null,
      "group_id": null,
      "match_type": null,
      "match_confidence": null,
      "quantity_g": null,
      "quantity_ml": null,
      "price_per_kg": null,
      "price_per_l": null
    },
    {
      "id": 339,
      "name": "Voscarini Пенливо вино\nProsecco Frizzante",
      "store": "Kaufland",
      "price": 6.98,
      "old_price": 7.78,
      "discount_pct": 10,
      "image_url": null,
      "off_barcode": null,
      "group_id": null,
      "match_type": null,
      "match_confidence": null,
      "quantity_g": null,
      "quantity_ml": null,
      "price_per_kg": null,
      "price_per_l": null
    },
    {
      "id": 5887,
      "name": "Веган крем с лешници и какао",
      "store": "Lidl",
      "price": 2.96,
      "old_price": 3.32,
      "discount_pct": 10,
      "image_url": null,
      "off_barcode": null,
      "group_id": null,
      "match_type": null,
      "match_confidence": null,
      "quantity_g": null,
      "quantity_ml": null,
      "price_per_kg": null,
      "price_per_l": null
    },
    {
      "id": 1050,
      "name": "Сланина",
      "store": "Kaufland",
      "price": 4.59,
      "old_price": 5.11,
      "discount_pct": 10,
      "image_url": null,
      "off_barcode": null,
      "group_id": null,
      "match_type": null,
      "match_confidence": null,
      "quantity_g": null,
      "quantity_ml": null,
      "price_per_kg": null,
      "price_per_l": null
    },
    {
      "id": 132,
      "name": "Сланина сухо-солена, паприкована",
      "store": "Kaufland",
      "price": 8.98,
      "old_price": 9.99,
      "discount_pct": 10,
      "image_url": null,
      "off_barcode": null,
      "group_id": null,
      "match_type": null,
      "match_confidence": null,
      "quantity_g": null,
      "quantity_ml": null,
      "price_per_kg": null,
      "price_per_l": null
    },
    {
      "id": 5852,
      "name": "Айрян",
      "store": "Lidl",
      "price": 0.46,
      "old_price": 0.51,
      "discount_pct": 9,
      "image_url": null,
      "off_barcode": null,
      "group_id": null,
      "match_type": null,
      "match_confidence": null,
      "quantity_g": null,
      "quantity_ml": null,
      "price_per_kg": null,
      "price_per_l": null
    },
    {
      "id": 5701,
      "name": "Френски кроасани с масло",
      "store": "Lidl",
      "price": 3.22,
      "old_price": 3.57,
      "discount_pct": 9,
      "image_url": null,
      "off_barcode": null,
      "group_id": null,
      "match_type": null,
      "match_confidence": null,
      "quantity_g": null,
      "quantity_ml": null,
      "price_per_kg": null,
      "price_per_l": null
    },
    {
      "id": 3082,
      "name": "Акумулаторна перяща прахосмукачка | LIDL",
      "store": "Lidl",
      "price": 169.98,
      "old_price": 185.8,
      "discount_pct": 8,
      "image_url": null,
      "off_barcode": null,
      "group_id": null,
      "match_type": null,
      "match_confidence": null,
      "quantity_g": null,
      "quantity_ml": null,
      "price_per_kg": null,
      "price_per_l": null
    },
    {
      "id": 3060,
      "name": "ЗОРА Яйца\nразмер L",
      "store": "Kaufland",
      "price": 7.98,
      "old_price": 8.59,
      "discount_pct": 7,
      "image_url": null,
      "off_barcode": null,
      "group_id": null,
      "match_type": null,
      "match_confidence": null,
      "quantity_g": null,
      "quantity_ml": null,
      "price_per_kg": null,
      "price_per_l": null
    },
    {
      "id": 2689,
      "name": "9 в 1 Еър Фрайър | LIDL",
      "store": "Lidl",
      "price": 169.98,
      "old_price": 181.89,
      "discount_pct": 6,
      "image_url": null,
      "off_barcode": null,
      "group_id": null,
      "match_type": null,
      "match_confidence": null,
      "quantity_g": null,
      "quantity_ml": null,
      "price_per_kg": null,
      "price_per_l": null
    },
    {
      "id": 393,
      "name": "Nivea Гел за бръснене\nразлични видове",
      "store": "Kaufland",
      "price": 7.49,
      "old_price": 7.98,
      "discount_pct": 6,
      "image_url": null,
      "off_barcode": null,
      "group_id": null,
      "match_type": null,
      "match_confidence": null,
      "quantity_g": null,
      "quantity_ml": null,
      "price_per_kg": null,
      "price_per_l": null
    },
    {
      "id": 619,
      "name": "Кускус",
      "store": "Lidl",
      "price": 9.2,
      "old_price": 9.71,
      "discount_pct": 5,
      "image_url": null,
      "off_barcode": null,
      "group_id": null,
      "match_type": null,
      "match_confidence": null,
      "quantity_g": null,
      "quantity_ml": null,
      "price_per_kg": null,
      "price_per_l": null
    },
    {
      "id": 3463,
      "name": "Насладки Бисквити с пълнеж\nгорска ягода",
      "store": "Kaufland",
      "price": 3.29,
      "old_price": 3.48,
      "discount_pct": 5,
      "image_url": null,
      "off_barcode": null,
      "group_id": null,
      "match_type": null,
      "match_confidence": null,
      "quantity_g": null,
      "quantity_ml": null,
      "price_per_kg": null,
      "price_per_l": null
    },
    {
      "id": 3587,
      "name": "Always Дамски превръзки\nразлични видове",
      "store": "Kaufland",
      "price": 4.87,
      "old_price": 4.99,
      "discount_pct": 2,
      "image_url": null,
      "off_barcode": null,
      "group_id": null,
      "match_type": null,
      "match_confidence": null,
      "quantity_g": null,
      "quantity_ml": null,
      "price_per_kg": null,
      "price_per_l": null
    },
    {
      "id": 4428,
      "name": "Bingo Гел\nразлични видове",
      "store": "Kaufland",
      "price": 9.78,
      "old_price": 9.99,
      "discount_pct": 2,
      "image_url": null,
      "off_barcode": null,
      "group_id": null,
      "match_type": null,
      "match_confidence": null,
      "quantity_g": null,
      "quantity_ml": null,
      "price_per_kg": null,
      "price_per_l": null
    },
    {
      "id": 4427,
      "name": "Bingo Гел за пране\n3л=50пр",
      "store": "Kaufland",
      "price": 9.78,
      "old_price": 9.99,
      "discount_pct": 2,
      "image_url": null,
      "off_barcode": null,
      "group_id": null,
      "match_type": null,
      "match_confidence": null,
      "quantity_g": null,
      "quantity_ml": 3000,
      "price_per_kg": null,
      "price_per_l": 3.26
    },
    {
      "id": 97,
      "name": "Шеф Месар Телешко мляно месо",
      "store": "Kaufland",
      "price": 16.98,
      "old_price": 17.49,
      "discount_pct": 2,
      "image_url": null,
      "off_barcode": null,
      "group_id": null,
      "match_type": null,
      "match_confidence": null,
      "quantity_g": null,
      "quantity_ml": null,
      "price_per_kg": null,
      "price_per_l": null
    },
    {
      "id": 3682,
      "name": "AGIVA Антибактериални мокри\nкърпички",
      "store": "Kaufland",
      "price": 3.25,
      "old_price": null,
      "discount_pct": 0,
      "image_url": null,
      "off_barcode": null,
      "group_id": null,
      "match_type": null,
      "match_confidence": null,
      "quantity_g": null,
      "quantity_ml": null,
      "price_per_kg": null,
      "price_per_l": null
    },
    {
      "id": 1318,
      "name": "ALVINA",
      "store": "Kaufland",
      "price": 10.22,
      "old_price": null,
      "discount_pct": 0,
      "image_url": null,
      "off_barcode": null,
      "group_id": null,
      "match_type": null,
      "match_confidence": null,
      "quantity_g": null,
      "quantity_ml": null,
      "price_per_kg": null,
      "price_per_l": null
    },
    {
      "id": 4425,
      "name": "ALVINA Гел\nразлични видове",
      "store": "Kaufland",
      "price": 19.99,
      "old_price": null,
      "discount_pct": 0,
      "image_url": null,
      "off_barcode": null,
      "group_id": null,
      "match_type": null,
      "match_confidence": null,
      "quantity_g": null,
      "quantity_ml": null,
      "price_per_kg": null,
      "price_per_l": null
    },
    {
      "id": 4069,
      "name": "ALVINA Омекотител\nразлични видове",
      "store": "Kaufland",
      "price": 9.99,
      "old_price": null,
      "discount_pct": 0,
      "image_url": null,
      "off_barcode": null,
      "group_id": null,
      "match_type": null,
      "match_confidence": null,
      "quantity_g": null,
      "quantity_ml": null,
      "price_per_kg": null,
      "price_per_l": null
    },
    {
      "id": 4070,
      "name": "ALVINA омекотител различни видове\n2 х 65 пр.",
      "store": "Kaufland",
      "price": 9.99,
      "old_price": null,
      "discount_pct": 0,
      "image_url": null,
      "off_barcode": null,
      "group_id": null,
      "match_type": null,
      "match_confidence": null,
      "quantity_g": null,
      "quantity_ml": null,
      "price_per_kg": null,
      "price_per_l": null
    },
    {
      "id": 1179,
      "name": "ATANI",
      "store": "Kaufland",
      "price": 3.49,
      "old_price": null,
      "discount_pct": 0,
      "image_url": null,
      "off_barcode": null,
      "group_id": null,
      "match_type": null,
      "match_confidence": null,
      "quantity_g": null,
      "quantity_ml": null,
      "price_per_kg": null,
      "price_per_l": null
    },
    {
      "id": 261,
      "name": "ATANI Сладък червен пипер\nмлян",
      "store": "Kaufland",
      "price": 6.83,
      "old_price": null,
      "discount_pct": 0,
      "image_url": null,
      "off_barcode": null,
      "group_id": null,
      "match_type": null,
      "match_confidence": null,
      "quantity_g": null,
      "quantity_ml": null,
      "price_per_kg": null,
      "price_per_l": null
    },
    {
      "id": 573,
      "name": "Agi Бели курабии с бадеми",
      "store": "Lidl",
      "price": 1.78,
      "old_price": null,
      "discount_pct": 0,
      "image_url": null,
      "off_barcode": null,
      "group_id": null,
      "match_type": null,
      "match_confidence": null,
      "quantity_g": null,
      "quantity_ml": null,
      "price_per_kg": null,
      "price_per_l": null
    },
    {
      "id": 3727,
      "name": "Alpfa Кутия\n60 л, 59 x 39 x 36 см",
      "store": "Kaufland",
      "price": 15.98,
      "old_price": null,
      "discount_pct": 0,
      "image_url": null,
      "off_barcode": null,
      "group_id": null,
      "match_type": null,
      "match_confidence": null,
      "quantity_g": null,
      "quantity_ml": 60000,
      "price_per_kg": null,
      "price_per_l": 0.27
    },
    {
      "id": 5983,
      "name": "Alvina Deluxe Perfume Intense Омекотител",
      "store": "Lidl",
      "price": 3.32,
      "old_price": null,
      "discount_pct": 0,
      "image_url": null,
      "off_barcode": null,
      "group_id": null,
      "match_type": null,
      "match_confidence": null,
      "quantity_g": null,
      "quantity_ml": null,
      "price_per_kg": null,
      "price_per_l": null
    },
    {
      "id": 4426,
      "name": "Alvina Гел за пране",
      "store": "Kaufland",
      "price": 19.99,
      "old_price": null,
      "discount_pct": 0,
      "image_url": null,
      "off_barcode": null,
      "group_id": null,
      "match_type": null,
      "match_confidence": null,
      "quantity_g": null,
      "quantity_ml": null,
      "price_per_kg": null,
      "price_per_l": null
    },
    {
      "id": 401,
      "name": "Alvina Омекотител\nразлични видове, 75 пранета",
      "store": "Kaufland",
      "price": 6.49,
      "old_price": null,
      "discount_pct": 0,
      "image_url": null,
      "off_barcode": null,
      "group_id": null,
      "match_type": null,
      "match_confidence": null,
      "quantity_g": null,
      "quantity_ml": null,
      "price_per_kg": null,
      "price_per_l": null
    },
    {
      "id": 5974,
      "name": "Antesto Гъба за миене на съдове XXL",
      "store": "Lidl",
      "price": 0.61,
      "old_price": null,
      "discount_pct": 0,
      "image_url": null,
      "off_barcode": null,
      "group_id": null,
      "match_type": null,
      "match_confidence": null,
      "quantity_g": null,
      "quantity_ml": null,
      "price_per_kg": null,
      "price_per_l": null
    },
    {
      "id": 1328,
      "name": "Aquafresh",
      "store": "Kaufland",
      "price": 2.65,
      "old_price": null,
      "discount_pct": 0,
      "image_url": null,
      "off_barcode": null,
      "group_id": null,
      "match_type": null,
      "match_confidence": null,
      "quantity_g": null,
      "quantity_ml": null,
      "price_per_kg": null,
      "price_per_l": null
    },
    {
      "id": 1330,
      "name": "Ariel",
      "store": "Kaufland",
      "price": 9.71,
      "old_price": null,
      "discount_pct": 0,
      "image_url": null,
      "off_barcode": null,
      "group_id": null,
      "match_type": null,
      "match_confidence": null,
      "quantity_g": null,
      "quantity_ml": null,
      "price_per_kg": null,
      "price_per_l": null
    },
    {
      "id": 3679,
      "name": "Ariel Прах, Гел или\nКапсули",
      "store": "Kaufland",
      "price": 26.99,
      "old_price": null,
      "discount_pct": 0,
      "image_url": null,
      "off_barcode": null,
      "group_id": null,
      "match_type": null,
      "match_confidence": null,
      "quantity_g": null,
      "quantity_ml": null,
      "price_per_kg": null,
      "price_per_l": null
    },
    {
      "id": 4435,
      "name": "Ariel Прах, Гел или Капсули\nизбрани видове",
      "store": "Kaufland",
      "price": 18.99,
      "old_price": null,
      "discount_pct": 0,
      "image_url": null,
      "off_barcode": null,
      "group_id": null,
      "match_type": null,
      "match_confidence": null,
      "quantity_g": null,
      "quantity_ml": null,
      "price_per_kg": null,
      "price_per_l": null
    },
    {
      "id": 5984,
      "name": "Ariel Препарат за пране",
      "store": "Lidl",
      "price": 24.03,
      "old_price": null,
      "discount_pct": 0,
      "image_url": null,
      "off_barcode": null,
      "group_id": null,
      "match_type": null,
      "match_confidence": null,
      "quantity_g": null,
      "quantity_ml": null,
      "price_per_kg": null,
      "price_per_l": null
    },
    {
      "id": 1329,
      "name": "Ariel, Гел 35/40 пранета",
      "store": "Kaufland",
      "price": 9.71,
      "old_price": null,
      "discount_pct": 0,
      "image_url": null,
      "off_barcode": null,
      "group_id": null,
      "match_type": null,
      "match_confidence": null,
      "quantity_g": null,
      "quantity_ml": null,
      "price_per_kg": null,
      "price_per_l": null
    },
    {
      "id": 411,
      "name": "Ariel, Гел 35/40 пранета Прах 40 пранета\nКапсули 26/30 пранета",
      "store": "Kaufland",
      "price": 18.99,
      "old_price": null,
      "discount_pct": 0,
      "image_url": null,
      "off_barcode": null,
      "group_id": null,
      "match_type": null,
      "match_confidence": null,
      "quantity_g": null,
      "quantity_ml": null,
      "price_per_kg": null,
      "price_per_l": null
    },
    {
      "id": 5862,
      "name": "Aspasia Негазирана безалкохолна напитка",
      "store": "Lidl",
      "price": 0.71,
      "old_price": null,
      "discount_pct": 0,
      "image_url": null,
      "off_barcode": null,
      "group_id": null,
      "match_type": null,
      "match_confidence": null,
      "quantity_g": null,
      "quantity_ml": null,
      "price_per_kg": null,
      "price_per_l": null
    },
    {
      "id": 6006,
      "name": "Auriol® LED часовник",
      "store": "Lidl",
      "price": 11.75,
      "old_price": null,
      "discount_pct": 0,
      "image_url": null,
      "off_barcode": null,
      "group_id": null,
      "match_type": null,
      "match_confidence": null,
      "quantity_g": null,
      "quantity_ml": null,
      "price_per_kg": null,
      "price_per_l": null
    },
    {
      "id": 1400,
      "name": "Avalon",
      "store": "Kaufland",
      "price": 6.64,
      "old_price": null,
      "discount_pct": 0,
      "image_url": null,
      "off_barcode": null,
      "group_id": null,
      "match_type": null,
      "match_confidence": null,
      "quantity_g": null,
      "quantity_ml": null,
      "price_per_kg": null,
      "price_per_l": null
    },
    {
      "id": 5,
      "name": "Avalon Комплек постелки\nза автомобил, 4 части",
      "store": "Kaufland",
      "price": 12.99,
      "old_price": null,
      "discount_pct": 0,
      "image_url": null,
      "off_barcode": null,
      "group_id": null,
      "match_type": null,
      "match_confidence": null,
      "quantity_g": null,
      "quantity_ml": null,
      "price_per_kg": null,
      "price_per_l": null
    },
    {
      "id": 3600,
      "name": "BEBELAN Бебешки влажни кърпички\nразлични видове, 88 бр.",
      "store": "Kaufland",
      "price": 2.99,
      "old_price": null,
      "discount_pct": 0,
      "image_url": null,
      "off_barcode": null,
      "group_id": null,
      "match_type": null,
      "match_confidence": null,
      "quantity_g": null,
      "quantity_ml": null,
      "price_per_kg": null,
      "price_per_l": null
    },
    {
      "id": 4044,
      "name": "BEVOLA Tампони с масло\nза отстраняване на очен грим",
      "store": "Kaufland",
      "price": 3.99,
      "old_price": null,
      "discount_pct": 0,
      "image_url": null,
      "off_barcode": null,
      "group_id": null,
      "match_type": null,
      "match_confidence": null,
      "quantity_g": null,
      "quantity_ml": null,
      "price_per_kg": null,
      "price_per_l": null
    },
    {
      "id": 4236,
      "name": "BINGO Гел за пране\nпромопакет",
      "store": "Kaufland",
      "price": 15.98,
      "old_price": null,
      "discount_pct": 0,
      "image_url": null,
      "off_barcode": null,
      "group_id": null,
      "match_type": null,
      "match_confidence": null,
      "quantity_g": null,
      "quantity_ml": null,
      "price_per_kg": null,
      "price_per_l": null
    },
    {
      "id": 3795,
      "name": "BRIO Грил тиган\n35 х 25 см",
      "store": "Kaufland",
      "price": 21.98,
      "old_price": null,
      "discount_pct": 0,
      "image_url": null,
      "off_barcode": null,
      "group_id": null,
      "match_type": null,
      "match_confidence": null,
      "quantity_g": null,
      "quantity_ml": null,
      "price_per_kg": null,
      "price_per_l": null
    },
    {
      "id": 1365,
      "name": "Baby Crema",
      "store": "Kaufland",
      "price": 1.53,
      "old_price": null,
      "discount_pct": 0,
      "image_url": null,
      "off_barcode": null,
      "group_id": null,
      "match_type": null,
      "match_confidence": null,
      "quantity_g": null,
      "quantity_ml": null,
      "price_per_kg": null,
      "price_per_l": null
    },
    {
      "id": 447,
      "name": "Baby Crema Бебешки влажни кърпички",
      "store": "Kaufland",
      "price": 2.99,
      "old_price": null,
      "discount_pct": 0,
      "image_url": null,
      "off_barcode": null,
      "group_id": null,
      "match_type": null,
      "match_confidence": null,
      "quantity_g": null,
      "quantity_ml": null,
      "price_per_kg": null,
      "price_per_l": null
    },
    {
      "id": 2960,
      "name": "Back To School Донът | LIDL",
      "store": "Lidl",
      "price": 125.17,
      "old_price": null,
      "discount_pct": 0,
      "image_url": null,
      "off_barcode": null,
      "group_id": null,
      "match_type": null,
      "match_confidence": null,
      "quantity_g": null,
      "quantity_ml": null,
      "price_per_kg": null,
      "price_per_l": null
    },
    {
      "id": 5720,
      "name": "Barilla Спагети или Пене Ригате",
      "store": "Lidl",
      "price": 1.99,
      "old_price": null,
      "discount_pct": 0,
      "image_url": null,
      "off_barcode": null,
      "group_id": null,
      "match_type": null,
      "match_confidence": null,
      "quantity_g": null,
      "quantity_ml": null,
      "price_per_kg": null,
      "price_per_l": null
    },
    {
      "id": 3000,
      "name": "Berliner Halloween Orange | LIDL",
      "store": "Lidl",
      "price": 117.35,
      "old_price": null,
      "discount_pct": 0,
      "image_url": null,
      "off_barcode": null,
      "group_id": null,
      "match_type": null,
      "match_confidence": null,
      "quantity_g": null,
      "quantity_ml": null,
      "price_per_kg": null,
      "price_per_l": null
    },
    {
      "id": 1416,
      "name": "Beurer",
      "store": "Kaufland",
      "price": 20.44,
      "old_price": null,
      "discount_pct": 0,
      "image_url": null,
      "off_barcode": null,
      "group_id": null,
      "match_type": null,
      "match_confidence": null,
      "quantity_g": null,
      "quantity_ml": null,
      "price_per_kg": null,
      "price_per_l": null
    },
    {
      "id": 4558,
      "name": "Beurer Апарат зa кръвно налягане",
      "store": "Kaufland",
      "price": 39.98,
      "old_price": null,
      "discount_pct": 0,
      "image_url": null,
      "off_barcode": null,
      "group_id": null,
      "match_type": null,
      "match_confidence": null,
      "quantity_g": null,
      "quantity_ml": null,
      "price_per_kg": null,
      "price_per_l": null
    },
    {
      "id": 1320,
      "name": "Bingo",
      "store": "Kaufland",
      "price": 5.0,
      "old_price": null,
      "discount_pct": 0,
      "image_url": null,
      "off_barcode": null,
      "group_id": null,
      "match_type": null,
      "match_confidence": null,
      "quantity_g": null,
      "quantity_ml": null,
      "price_per_kg": null,
      "price_per_l": null
    },
    {
      "id": 1322,
      "name": "Bingo Soft",
      "store": "Kaufland",
      "price": 2.29,
      "old_price": null,
      "discount_pct": 0,
      "image_url": null,
      "off_barcode": null,
      "group_id": null,
      "match_type": null,
      "match_confidence": null,
      "quantity_g": null,
      "quantity_ml": null,
      "price_per_kg": null,
      "price_per_l": null
    },
    {
      "id": 4430,
      "name": "Bingo Soft Омекотител\nразлични видове",
      "store": "Kaufland",
      "price": 4.48,
      "old_price": null,
      "discount_pct": 0,
      "image_url": null,
      "off_barcode": null,
      "group_id": null,
      "match_type": null,
      "match_confidence": null,
      "quantity_g": null,
      "quantity_ml": null,
      "price_per_kg": null,
      "price_per_l": null
    },
    {
      "id": 4055,
      "name": "Bingo Почистващи  кърпи\nразлични видове",
      "store": "Kaufland",
      "price": 4.99,
      "old_price": null,
      "discount_pct": 0,
      "image_url": null,
      "off_barcode": null,
      "group_id": null,
      "match_type": null,
      "match_confidence": null,
      "quantity_g": null,
      "quantity_ml": null,
      "price_per_kg": null,
      "price_per_l": null
    },
    {
      "id": 5975,
      "name": "Bingo Универсални мокри кърпички",
      "store": "Lidl",
      "price": 2.55,
      "old_price": null,
      "discount_pct": 0,
      "image_url": null,
      "off_barcode": null,
      "group_id": null,
      "match_type": null,
      "match_confidence": null,
      "quantity_g": null,
      "quantity_ml": null,
      "price_per_kg": null,
      "price_per_l": null
    },
    {
      "id": 403,
      "name": "Bingo омекотител, различни видове\n60 пр, 1,440л",
      "store": "Kaufland",
      "price": 4.48,
      "old_price": null,
      "discount_pct": 0,
      "image_url": null,
      "off_barcode": null,
      "group_id": null,
      "match_type": null,
      "match_confidence": null,
      "quantity_g": null,
      "quantity_ml": 1440,
      "price_per_kg": null,
      "price_per_l": 3.11
    },
    {
      "id": 1335,
      "name": "Bonuss",
      "store": "Kaufland",
      "price": 5.11,
      "old_price": null,
      "discount_pct": 0,
      "image_url": null,
      "off_barcode": null,
      "group_id": null,
      "match_type": null,
      "match_confidence": null,
      "quantity_g": null,
      "quantity_ml": null,
      "price_per_kg": null,
      "price_per_l": null
    },
    {
      "id": 4437,
      "name": "Bonuss Тоалетна хартия\n32+8 бр.",
      "store": "Kaufland",
      "price": 9.99,
      "old_price": null,
      "discount_pct": 0,
      "image_url": null,
      "off_barcode": null,
      "group_id": null,
      "match_type": null,
      "match_confidence": null,
      "quantity_g": null,
      "quantity_ml": null,
      "price_per_kg": null,
      "price_per_l": null
    },
    {
      "id": 5799,
      "name": "Brugge Белгийско сирене",
      "store": "Lidl",
      "price": 4.59,
      "old_price": null,
      "discount_pct": 0,
      "image_url": null,
      "off_barcode": null,
      "group_id": null,
      "match_type": null,
      "match_confidence": null,
      "quantity_g": null,
      "quantity_ml": null,
      "price_per_kg": null,
      "price_per_l": null
    },
    {
      "id": 1108,
      "name": "CASTELLO",
      "store": "Kaufland",
      "price": 6.64,
      "old_price": null,
      "discount_pct": 0,
      "image_url": null,
      "off_barcode": null,
      "group_id": null,
      "match_type": null,
      "match_confidence": null,
      "quantity_g": null,
      "quantity_ml": null,
      "price_per_kg": null,
      "price_per_l": null
    },
    {
      "id": 190,
      "name": "CASTELLO Селекция сирена",
      "store": "Kaufland",
      "price": 12.99,
      "old_price": null,
      "discount_pct": 0,
      "image_url": null,
      "off_barcode": null,
      "group_id": null,
      "match_type": null,
      "match_confidence": null,
      "quantity_g": null,
      "quantity_ml": null,
      "price_per_kg": null,
      "price_per_l": null
    },
    {
      "id": 1012,
      "name": "CERESIT",
      "store": "Kaufland",
      "price": 12.26,
      "old_price": null,
      "discount_pct": 0,
      "image_url": null,
      "off_barcode": null,
      "group_id": null,
      "match_type": null,
      "match_confidence": null,
      "quantity_g": null,
      "quantity_ml": null,
      "price_per_kg": null,
      "price_per_l": null
    },
    {
      "id": 1011,
      "name": "CERESIT AERO",
      "store": "Kaufland",
      "price": 10.22,
      "old_price": null,
      "discount_pct": 0,
      "image_url": null,
      "off_barcode": null,
      "group_id": null,
      "match_type": null,
      "match_confidence": null,
      "quantity_g": null,
      "quantity_ml": null,
      "price_per_kg": null,
      "price_per_l": null
    },
    {
      "id": 1263,
      "name": "COCA-COLA",
      "store": "Kaufland",
      "price": 4.59,
      "old_price": null,
      "discount_pct": 0,
      "image_url": null,
      "off_barcode": null,
      "group_id": null,
      "match_type": null,
      "match_confidence": null,
      "quantity_g": null,
      "quantity_ml": null,
      "price_per_kg": null,
      "price_per_l": null
    },
    {
      "id": 323,
      "name": "COCA-COLA 8 x 0,33 л кен\nпромопакет",
      "store": "Kaufland",
      "price": 8.98,
      "old_price": null,
      "discount_pct": 0,
      "image_url": null,
      "off_barcode": null,
      "group_id": null,
      "match_type": null,
      "match_confidence": null,
      "quantity_g": null,
      "quantity_ml": 2640,
      "price_per_kg": null,
      "price_per_l": 3.4
    },
    {
      "id": 581,
      "name": "CRIVIT Бюстие",
      "store": "Lidl",
      "price": 6.64,
      "old_price": null,
      "discount_pct": 0,
      "image_url": null,
      "off_barcode": null,
      "group_id": null,
      "match_type": null,
      "match_confidence": null,
      "quantity_g": null,
      "quantity_ml": null,
      "price_per_kg": null,
      "price_per_l": null
    },
    {
      "id": 6085,
      "name": "CRIVIT Джапанки",
      "store": "Lidl",
      "price": 3.57,
      "old_price": null,
      "discount_pct": 0,
      "image_url": null,
      "off_barcode": null,
      "group_id": null,
      "match_type": null,
      "match_confidence": null,
      "quantity_g": null,
      "quantity_ml": null,
      "price_per_kg": null,
      "price_per_l": null
    },
    {
      "id": 6070,
      "name": "CRIVIT Дъмбел",
      "store": "Lidl",
      "price": 25.56,
      "old_price": null,
      "discount_pct": 0,
      "image_url": null,
      "off_barcode": null,
      "group_id": null,
      "match_type": null,
      "match_confidence": null,
      "quantity_g": null,
      "quantity_ml": null,
      "price_per_kg": null,
      "price_per_l": null
    },
    {
      "id": 6061,
      "name": "CRIVIT Клин",
      "store": "Lidl",
      "price": 7.66,
      "old_price": null,
      "discount_pct": 0,
      "image_url": null,
      "off_barcode": null,
      "group_id": null,
      "match_type": null,
      "match_confidence": null,
      "quantity_g": null,
      "quantity_ml": null,
      "price_per_kg": null,
      "price_per_l": null
    },
    {
      "id": 6062,
      "name": "CRIVIT Маратонки",
      "store": "Lidl",
      "price": 11.24,
      "old_price": null,
      "discount_pct": 0,
      "image_url": null,
      "off_barcode": null,
      "group_id": null,
      "match_type": null,
      "match_confidence": null,
      "quantity_g": null,
      "quantity_ml": null,
      "price_per_kg": null,
      "price_per_l": null
    },
    {
      "id": 6068,
      "name": "CRIVIT Постелка за гимнастика",
      "store": "Lidl",
      "price": 10.22,
      "old_price": null,
      "discount_pct": 0,
      "image_url": null,
      "off_barcode": null,
      "group_id": null,
      "match_type": null,
      "match_confidence": null,
      "quantity_g": null,
      "quantity_ml": null,
      "price_per_kg": null,
      "price_per_l": null
    },
    {
      "id": 6067,
      "name": "CRIVIT Постелка за фитнес и йога",
      "store": "Lidl",
      "price": 9.2,
      "old_price": null,
      "discount_pct": 0,
      "image_url": null,
      "off_barcode": null,
      "group_id": null,
      "match_type": null,
      "match_confidence": null,
      "quantity_g": null,
      "quantity_ml": null,
      "price_per_kg": null,
      "price_per_l": null
    },
    {
      "id": 6069,
      "name": "CRIVIT Пудовка",
      "store": "Lidl",
      "price": 11.75,
      "old_price": null,
      "discount_pct": 0,
      "image_url": null,
      "off_barcode": null,
      "group_id": null,
      "match_type": null,
      "match_confidence": null,
      "quantity_g": null,
      "quantity_ml": null,
      "price_per_kg": null,
      "price_per_l": null
    },
    {
      "id": 6060,
      "name": "CRIVIT Спортен панталон",
      "store": "Lidl",
      "price": 7.66,
      "old_price": null,
      "discount_pct": 0,
      "image_url": null,
      "off_barcode": null,
      "group_id": null,
      "match_type": null,
      "match_confidence": null,
      "quantity_g": null,
      "quantity_ml": null,
      "price_per_kg": null,
      "price_per_l": null
    },
    {
      "id": 6066,
      "name": "CRIVIT Спортен сак или раница",
      "store": "Lidl",
      "price": 9.2,
      "old_price": null,
      "discount_pct": 0,
      "image_url": null,
      "off_barcode": null,
      "group_id": null,
      "match_type": null,
      "match_confidence": null,
      "quantity_g": null,
      "quantity_ml": null,
      "price_per_kg": null,
      "price_per_l": null
    },
    {
      "id": 6063,
      "name": "CRIVIT Спортни принадлежности",
      "store": "Lidl",
      "price": 3.06,
      "old_price": null,
      "discount_pct": 0,
      "image_url": null,
      "off_barcode": null,
      "group_id": null,
      "match_type": null,
      "match_confidence": null,
      "quantity_g": null,
      "quantity_ml": null,
      "price_per_kg": null,
      "price_per_l": null
    },
    {
      "id": 6065,
      "name": "CRIVIT Степ платформа",
      "store": "Lidl",
      "price": 23.0,
      "old_price": null,
      "discount_pct": 0,
      "image_url": null,
      "off_barcode": null,
      "group_id": null,
      "match_type": null,
      "match_confidence": null,
      "quantity_g": null,
      "quantity_ml": null,
      "price_per_kg": null,
      "price_per_l": null
    },
    {
      "id": 6059,
      "name": "CRIVIT Суитшърт",
      "store": "Lidl",
      "price": 10.22,
      "old_price": null,
      "discount_pct": 0,
      "image_url": null,
      "off_barcode": null,
      "group_id": null,
      "match_type": null,
      "match_confidence": null,
      "quantity_g": null,
      "quantity_ml": null,
      "price_per_kg": null,
      "price_per_l": null
    },
    {
      "id": 6064,
      "name": "CRIVIT Тениска",
      "store": "Lidl",
      "price": 4.08,
      "old_price": null,
      "discount_pct": 0,
      "image_url": null,
      "off_barcode": null,
      "group_id": null,
      "match_type": null,
      "match_confidence": null,
      "quantity_g": null,
      "quantity_ml": null,
      "price_per_kg": null,
      "price_per_l": null
    },
    {
      "id": 496,
      "name": "CROWN Керамичен плот за вграждане",
      "store": "Kaufland",
      "price": 109.9,
      "old_price": null,
      "discount_pct": 0,
      "image_url": null,
      "off_barcode": null,
      "group_id": null,
      "match_type": null,
      "match_confidence": null,
      "quantity_g": null,
      "quantity_ml": null,
      "price_per_kg": null,
      "price_per_l": null
    },
    {
      "id": 1326,
      "name": "Calgon",
      "store": "Kaufland",
      "price": 6.64,
      "old_price": null,
      "discount_pct": 0,
      "image_url": null,
      "off_barcode": null,
      "group_id": null,
      "match_type": null,
      "match_confidence": null,
      "quantity_g": null,
      "quantity_ml": null,
      "price_per_kg": null,
      "price_per_l": null
    },
    {
      "id": 408,
      "name": "Calgon Омекотител на вода\nПрах, Гел или Таблетки",
      "store": "Kaufland",
      "price": 12.99,
      "old_price": null,
      "discount_pct": 0,
      "image_url": null,
      "off_barcode": null,
      "group_id": null,
      "match_type": null,
      "match_confidence": null,
      "quantity_g": null,
      "quantity_ml": null,
      "price_per_kg": null,
      "price_per_l": null
    },
    {
      "id": 5877,
      "name": "Caprice Пурички",
      "store": "Lidl",
      "price": 4.34,
      "old_price": null,
      "discount_pct": 0,
      "image_url": null,
      "off_barcode": null,
      "group_id": null,
      "match_type": null,
      "match_confidence": null,
      "quantity_g": null,
      "quantity_ml": null,
      "price_per_kg": null,
      "price_per_l": null
    },
    {
      "id": 3744,
      "name": "Casa Si Сушилник\nобща дължина 20 м",
      "store": "Kaufland",
      "price": 34.99,
      "old_price": null,
      "discount_pct": 0,
      "image_url": null,
      "off_barcode": null,
      "group_id": null,
      "match_type": null,
      "match_confidence": null,
      "quantity_g": null,
      "quantity_ml": null,
      "price_per_kg": null,
      "price_per_l": null
    },
    {
      "id": 1421,
      "name": "Casa si",
      "store": "Kaufland",
      "price": 12.77,
      "old_price": null,
      "discount_pct": 0,
      "image_url": null,
      "off_barcode": null,
      "group_id": null,
      "match_type": null,
      "match_confidence": null,
      "quantity_g": null,
      "quantity_ml": null,
      "price_per_kg": null,
      "price_per_l": null
    },
    {
      "id": 4568,
      "name": "Casa si Седалка за тоалетна чиния",
      "store": "Kaufland",
      "price": 24.98,
      "old_price": null,
      "discount_pct": 0,
      "image_url": null,
      "off_barcode": null,
      "group_id": null,
      "match_type": null,
      "match_confidence": null,
      "quantity_g": null,
      "quantity_ml": null,
      "price_per_kg": null,
      "price_per_l": null
    },
    {
      "id": 5942,
      "name": "Caterpillar® Работни чорапи",
      "store": "Lidl",
      "price": 6.64,
      "old_price": null,
      "discount_pct": 0,
      "image_url": null,
      "off_barcode": null,
      "group_id": null,
      "match_type": null,
      "match_confidence": null,
      "quantity_g": null,
      "quantity_ml": null,
      "price_per_kg": null,
      "price_per_l": null
    },
    {
      "id": 6025,
      "name": "Cien Beauty Козметично огледало",
      "store": "Lidl",
      "price": 3.83,
      "old_price": null,
      "discount_pct": 0,
      "image_url": null,
      "off_barcode": null,
      "group_id": null,
      "match_type": null,
      "match_confidence": null,
      "quantity_g": null,
      "quantity_ml": null,
      "price_per_kg": null,
      "price_per_l": null
    },
    {
      "id": 6030,
      "name": "Cien Beauty Преса или маша за коса",
      "store": "Lidl",
      "price": 10.73,
      "old_price": null,
      "discount_pct": 0,
      "image_url": null,
      "off_barcode": null,
      "group_id": null,
      "match_type": null,
      "match_confidence": null,
      "quantity_g": null,
      "quantity_ml": null,
      "price_per_kg": null,
      "price_per_l": null
    },
    {
      "id": 6014,
      "name": "Cien Beauty Принадлежности за грим",
      "store": "Lidl",
      "price": 2.55,
      "old_price": null,
      "discount_pct": 0,
      "image_url": null,
      "off_barcode": null,
      "group_id": null,
      "match_type": null,
      "match_confidence": null,
      "quantity_g": null,
      "quantity_ml": null,
      "price_per_kg": null,
      "price_per_l": null
    },
    {
      "id": 6028,
      "name": "Cien Beauty Сешоар",
      "store": "Lidl",
      "price": 8.17,
      "old_price": null,
      "discount_pct": 0,
      "image_url": null,
      "off_barcode": null,
      "group_id": null,
      "match_type": null,
      "match_confidence": null,
      "quantity_g": null,
      "quantity_ml": null,
      "price_per_kg": null,
      "price_per_l": null
    },
    {
      "id": 6032,
      "name": "Cien Beauty Тример за лице",
      "store": "Lidl",
      "price": 3.57,
      "old_price": null,
      "discount_pct": 0,
      "image_url": null,
      "off_barcode": null,
      "group_id": null,
      "match_type": null,
      "match_confidence": null,
      "quantity_g": null,
      "quantity_ml": null,
      "price_per_kg": null,
      "price_per_l": null
    },
    {
      "id": 5857,
      "name": "Coca-Cola Безалкохолна напитка",
      "store": "Lidl",
      "price": 4.59,
      "old_price": null,
      "discount_pct": 0,
      "image_url": null,
      "off_barcode": null,
      "group_id": null,
      "match_type": null,
      "match_confidence": null,
      "quantity_g": null,
      "quantity_ml": null,
      "price_per_kg": null,
      "price_per_l": null
    },
    {
      "id": 5855,
      "name": "Coca-Cola или Coca-Cola Zero Мултипак",
      "store": "Lidl",
      "price": 2.04,
      "old_price": null,
      "discount_pct": 0,
      "image_url": null,
      "off_barcode": null,
      "group_id": null,
      "match_type": null,
      "match_confidence": null,
      "quantity_g": null,
      "quantity_ml": null,
      "price_per_kg": null,
      "price_per_l": null
    },
    {
      "id": 1338,
      "name": "Coccolino",
      "store": "Kaufland",
      "price": 3.32,
      "old_price": null,
      "discount_pct": 0,
      "image_url": null,
      "off_barcode": null,
      "group_id": null,
      "match_type": null,
      "match_confidence": null,
      "quantity_g": null,
      "quantity_ml": null,
      "price_per_kg": null,
      "price_per_l": null
    },
    {
      "id": 4438,
      "name": "Coccolino Омекотител\nизбрани видове",
      "store": "Kaufland",
      "price": 6.49,
      "old_price": null,
      "discount_pct": 0,
      "image_url": null,
      "off_barcode": null,
      "group_id": null,
      "match_type": null,
      "match_confidence": null,
      "quantity_g": null,
      "quantity_ml": null,
      "price_per_kg": null,
      "price_per_l": null
    },
    {
      "id": 4066,
      "name": "Coccolino Омекотител\nразлични видове",
      "store": "Kaufland",
      "price": 7.28,
      "old_price": null,
      "discount_pct": 0,
      "image_url": null,
      "off_barcode": null,
      "group_id": null,
      "match_type": null,
      "match_confidence": null,
      "quantity_g": null,
      "quantity_ml": null,
      "price_per_kg": null,
      "price_per_l": null
    },
    {
      "id": 3249,
      "name": "Coco Rico Пилешко долно бутче",
      "store": "Kaufland",
      "price": 3.99,
      "old_price": null,
      "discount_pct": 0,
      "image_url": null,
      "off_barcode": null,
      "group_id": null,
      "match_type": null,
      "match_confidence": null,
      "quantity_g": null,
      "quantity_ml": null,
      "price_per_kg": null,
      "price_per_l": null
    },
    {
      "id": 3630,
      "name": "Colgate Max Паста или Четка за зъби\n75 мл или 2 бр.",
      "store": "Kaufland",
      "price": 3.48,
      "old_price": null,
      "discount_pct": 0,
      "image_url": null,
      "off_barcode": null,
      "group_id": null,
      "match_type": null,
      "match_confidence": null,
      "quantity_g": null,
      "quantity_ml": 75,
      "price_per_kg": null,
      "price_per_l": 46.4
    },
    {
      "id": 5817,
      "name": "Colgate Triple Action Паста за зъби",
      "store": "Lidl",
      "price": 3.01,
      "old_price": null,
      "discount_pct": 0,
      "image_url": null,
      "off_barcode": null,
      "group_id": null,
      "match_type": null,
      "match_confidence": null,
      "quantity_g": null,
      "quantity_ml": null,
      "price_per_kg": null,
      "price_per_l": null
    },
    {
      "id": 3631,
      "name": "Colgate Паста за зъби",
      "store": "Kaufland",
      "price": 3.48,
      "old_price": null,
      "discount_pct": 0,
      "image_url": null,
      "off_barcode": null,
      "group_id": null,
      "match_type": null,
      "match_confidence": null,
      "quantity_g": null,
      "quantity_ml": null,
      "price_per_kg": null,
      "price_per_l": null
    },
    {
      "id": 3632,
      "name": "Colgate Паста за зъби\nMax Fresh",
      "store": "Kaufland",
      "price": 3.48,
      "old_price": null,
      "discount_pct": 0,
      "image_url": null,
      "off_barcode": null,
      "group_id": null,
      "match_type": null,
      "match_confidence": null,
      "quantity_g": null,
      "quantity_ml": null,
      "price_per_kg": null,
      "price_per_l": null
    },
    {
      "id": 3633,
      "name": "Colgate Четка за зъби\nMax White Charcoal",
      "store": "Kaufland",
      "price": 3.48,
      "old_price": null,
      "discount_pct": 0,
      "image_url": null,
      "off_barcode": null,
      "group_id": null,
      "match_type": null,
      "match_confidence": null,
      "quantity_g": null,
      "quantity_ml": null,
      "price_per_kg": null,
      "price_per_l": null
    },
    {
      "id": 6012,
      "name": "Crelando® Джобове за документи А4",
      "store": "Lidl",
      "price": 2.04,
      "old_price": null,
      "discount_pct": 0,
      "image_url": null,
      "off_barcode": null,
      "group_id": null,
      "match_type": null,
      "match_confidence": null,
      "quantity_g": null,
      "quantity_ml": null,
      "price_per_kg": null,
      "price_per_l": null
    },
    {
      "id": 6024,
      "name": "Crelando® Офис принадлежности",
      "store": "Lidl",
      "price": 1.27,
      "old_price": null,
      "discount_pct": 0,
      "image_url": null,
      "off_barcode": null,
      "group_id": null,
      "match_type": null,
      "match_confidence": null,
      "quantity_g": null,
      "quantity_ml": null,
      "price_per_kg": null,
      "price_per_l": null
    },
    {
      "id": 3692,
      "name": "DANTE Храна за кучета\nразлични видове",
      "store": "Kaufland",
      "price": 2.78,
      "old_price": null,
      "discount_pct": 0,
      "image_url": null,
      "off_barcode": null,
      "group_id": null,
      "match_type": null,
      "match_confidence": null,
      "quantity_g": null,
      "quantity_ml": null,
      "price_per_kg": null,
      "price_per_l": null
    },
    {
      "id": 3644,
      "name": "DOVE Дезодорант\nспрей или стик",
      "store": "Kaufland",
      "price": 5.48,
      "old_price": null,
      "discount_pct": 0,
      "image_url": null,
      "off_barcode": null,
      "group_id": null,
      "match_type": null,
      "match_confidence": null,
      "quantity_g": null,
      "quantity_ml": null,
      "price_per_kg": null,
      "price_per_l": null
    },
    {
      "id": 3301,
      "name": "DURRA TERRA Сирене от краве мляко\nот свежата витрина",
      "store": "Kaufland",
      "price": 13.98,
      "old_price": null,
      "discount_pct": 0,
      "image_url": null,
      "off_barcode": null,
      "group_id": null,
      "match_type": null,
      "match_confidence": null,
      "quantity_g": null,
      "quantity_ml": null,
      "price_per_kg": null,
      "price_per_l": null
    },
    {
      "id": 1313,
      "name": "Dante",
      "store": "Kaufland",
      "price": 0.55,
      "old_price": null,
      "discount_pct": 0,
      "image_url": null,
      "off_barcode": null,
      "group_id": null,
      "match_type": null,
      "match_confidence": null,
      "quantity_g": null,
      "quantity_ml": null,
      "price_per_kg": null,
      "price_per_l": null
    },
    {
      "id": 1372,
      "name": "Discreet",
      "store": "Kaufland",
      "price": 2.5,
      "old_price": null,
      "discount_pct": 0,
      "image_url": null,
      "off_barcode": null,
      "group_id": null,
      "match_type": null,
      "match_confidence": null,
      "quantity_g": null,
      "quantity_ml": null,
      "price_per_kg": null,
      "price_per_l": null
    },
    {
      "id": 454,
      "name": "Discreet Дамски превръзки\nразлични видове",
      "store": "Kaufland",
      "price": 4.89,
      "old_price": null,
      "discount_pct": 0,
      "image_url": null,
      "off_barcode": null,
      "group_id": null,
      "match_type": null,
      "match_confidence": null,
      "quantity_g": null,
      "quantity_ml": null,
      "price_per_kg": null,
      "price_per_l": null
    },
    {
      "id": 6079,
      "name": "Disney® Чанта",
      "store": "Lidl",
      "price": 3.06,
      "old_price": null,
      "discount_pct": 0,
      "image_url": null,
      "off_barcode": null,
      "group_id": null,
      "match_type": null,
      "match_confidence": null,
      "quantity_g": null,
      "quantity_ml": null,
      "price_per_kg": null,
      "price_per_l": null
    },
    {
      "id": 1334,
      "name": "Domestos",
      "store": "Kaufland",
      "price": 3.32,
      "old_price": null,
      "discount_pct": 0,
      "image_url": null,
      "off_barcode": null,
      "group_id": null,
      "match_type": null,
      "match_confidence": null,
      "quantity_g": null,
      "quantity_ml": null,
      "price_per_kg": null,
      "price_per_l": null
    },
    {
      "id": 3593,
      "name": "Domestos WC гел",
      "store": "Kaufland",
      "price": 4.58,
      "old_price": null,
      "discount_pct": 0,
      "image_url": null,
      "off_barcode": null,
      "group_id": null,
      "match_type": null,
      "match_confidence": null,
      "quantity_g": null,
      "quantity_ml": null,
      "price_per_kg": null,
      "price_per_l": null
    },
    {
      "id": 3594,
      "name": "Domestos Почистващ препарат\nразлични видове",
      "store": "Kaufland",
      "price": 4.58,
      "old_price": null,
      "discount_pct": 0,
      "image_url": null,
      "off_barcode": null,
      "group_id": null,
      "match_type": null,
      "match_confidence": null,
      "quantity_g": null,
      "quantity_ml": null,
      "price_per_kg": null,
      "price_per_l": null
    },
    {
      "id": 415,
      "name": "Domestos Универсален препарат\nили Спрей",
      "store": "Kaufland",
      "price": 6.49,
      "old_price": null,
      "discount_pct": 0,
      "image_url": null,
      "off_barcode": null,
      "group_id": null,
      "match_type": null,
      "match_confidence": null,
      "quantity_g": null,
      "quantity_ml": null,
      "price_per_kg": null,
      "price_per_l": null
    },
    {
      "id": 3030,
      "name": "Dots Halloween Pumpkin | LIDL",
      "store": "Lidl",
      "price": 117.35,
      "old_price": null,
      "discount_pct": 0,
      "image_url": null,
      "off_barcode": null,
      "group_id": null,
      "match_type": null,
      "match_confidence": null,
      "quantity_g": null,
      "quantity_ml": null,
      "price_per_kg": null,
      "price_per_l": null
    },
    {
      "id": 3642,
      "name": "Dove Део спрей\nInvisible Fresh",
      "store": "Kaufland",
      "price": 5.48,
      "old_price": null,
      "discount_pct": 0,
      "image_url": null,
      "off_barcode": null,
      "group_id": null,
      "match_type": null,
      "match_confidence": null,
      "quantity_g": null,
      "quantity_ml": null,
      "price_per_kg": null,
      "price_per_l": null
    },
    {
      "id": 3643,
      "name": "Dove Деоспрей\nразлични видове",
      "store": "Kaufland",
      "price": 5.48,
      "old_price": null,
      "discount_pct": 0,
      "image_url": null,
      "off_barcode": null,
      "group_id": null,
      "match_type": null,
      "match_confidence": null,
      "quantity_g": null,
      "quantity_ml": null,
      "price_per_kg": null,
      "price_per_l": null
    },
    {
      "id": 5858,
      "name": "Dr Witt Негазирана безалкохолна напитка",
      "store": "Lidl",
      "price": 0.89,
      "old_price": null,
      "discount_pct": 0,
      "image_url": null,
      "off_barcode": null,
      "group_id": null,
      "match_type": null,
      "match_confidence": null,
      "quantity_g": null,
      "quantity_ml": null,
      "price_per_kg": null,
      "price_per_l": null
    },
    {
      "id": 1371,
      "name": "Duck",
      "store": "Kaufland",
      "price": 2.55,
      "old_price": null,
      "discount_pct": 0,
      "image_url": null,
      "off_barcode": null,
      "group_id": null,
      "match_type": null,
      "match_confidence": null,
      "quantity_g": null,
      "quantity_ml": null,
      "price_per_kg": null,
      "price_per_l": null
    },
    {
      "id": 453,
      "name": "Duck Ароматизатор за тоалетна\nразлични видове",
      "store": "Kaufland",
      "price": 4.99,
      "old_price": null,
      "discount_pct": 0,
      "image_url": null,
      "off_barcode": null,
      "group_id": null,
      "match_type": null,
      "match_confidence": null,
      "quantity_g": null,
      "quantity_ml": null,
      "price_per_kg": null,
      "price_per_l": null
    },
    {
      "id": 3808,
      "name": "Easymaxx Душ слушалка 3 в 1",
      "store": "Kaufland",
      "price": 15.98,
      "old_price": null,
      "discount_pct": 0,
      "image_url": null,
      "off_barcode": null,
      "group_id": null,
      "match_type": null,
      "match_confidence": null,
      "quantity_g": null,
      "quantity_ml": null,
      "price_per_kg": null,
      "price_per_l": null
    },
    {
      "id": 1345,
      "name": "Eco4home",
      "store": "Kaufland",
      "price": 1.22,
      "old_price": null,
      "discount_pct": 0,
      "image_url": null,
      "off_barcode": null,
      "group_id": null,
      "match_type": null,
      "match_confidence": null,
      "quantity_g": null,
      "quantity_ml": null,
      "price_per_kg": null,
      "price_per_l": null
    },
    {
      "id": 4448,
      "name": "Eco4home Картонени чинии\n10 бр.",
      "store": "Kaufland",
      "price": 2.78,
      "old_price": null,
      "discount_pct": 0,
      "image_url": null,
      "off_barcode": null,
      "group_id": null,
      "match_type": null,
      "match_confidence": null,
      "quantity_g": null,
      "quantity_ml": null,
      "price_per_kg": null,
      "price_per_l": null
    },
    {
      "id": 426,
      "name": "Eco4home Картонени чинии\n18 х 18 см",
      "store": "Kaufland",
      "price": 2.39,
      "old_price": null,
      "discount_pct": 0,
      "image_url": null,
      "off_barcode": null,
      "group_id": null,
      "match_type": null,
      "match_confidence": null,
      "quantity_g": null,
      "quantity_ml": null,
      "price_per_kg": null,
      "price_per_l": null
    },
    {
      "id": 1312,
      "name": "Economic",
      "store": "Kaufland",
      "price": 7.15,
      "old_price": null,
      "discount_pct": 0,
      "image_url": null,
      "off_barcode": null,
      "group_id": null,
      "match_type": null,
      "match_confidence": null,
      "quantity_g": null,
      "quantity_ml": null,
      "price_per_kg": null,
      "price_per_l": null
    },
    {
      "id": 4419,
      "name": "Economic Суха храна за кучета",
      "store": "Kaufland",
      "price": 13.98,
      "old_price": null,
      "discount_pct": 0,
      "image_url": null,
      "off_barcode": null,
      "group_id": null,
      "match_type": null,
      "match_confidence": null,
      "quantity_g": null,
      "quantity_ml": null,
      "price_per_kg": null,
      "price_per_l": null
    },
    {
      "id": 3596,
      "name": "Emeka Тоалетна хартия\nParadise",
      "store": "Kaufland",
      "price": 17.99,
      "old_price": null,
      "discount_pct": 0,
      "image_url": null,
      "off_barcode": null,
      "group_id": null,
      "match_type": null,
      "match_confidence": null,
      "quantity_g": null,
      "quantity_ml": null,
      "price_per_kg": null,
      "price_per_l": null
    },
    {
      "id": 6078,
      "name": "Esmara Men Боксери",
      "store": "Lidl",
      "price": 5.11,
      "old_price": null,
      "discount_pct": 0,
      "image_url": null,
      "off_barcode": null,
      "group_id": null,
      "match_type": null,
      "match_confidence": null,
      "quantity_g": null,
      "quantity_ml": null,
      "price_per_kg": null,
      "price_per_l": null
    },
    {
      "id": 6091,
      "name": "Esmara Men Клин",
      "store": "Lidl",
      "price": 5.62,
      "old_price": null,
      "discount_pct": 0,
      "image_url": null,
      "off_barcode": null,
      "group_id": null,
      "match_type": null,
      "match_confidence": null,
      "quantity_g": null,
      "quantity_ml": null,
      "price_per_kg": null,
      "price_per_l": null
    },
    {
      "id": 6077,
      "name": "Esmara Men Пижама",
      "store": "Lidl",
      "price": 6.64,
      "old_price": null,
      "discount_pct": 0,
      "image_url": null,
      "off_barcode": null,
      "group_id": null,
      "match_type": null,
      "match_confidence": null,
      "quantity_g": null,
      "quantity_ml": null,
      "price_per_kg": null,
      "price_per_l": null
    },
    {
      "id": 6090,
      "name": "Esmara Men Потници",
      "store": "Lidl",
      "price": 5.62,
      "old_price": null,
      "discount_pct": 0,
      "image_url": null,
      "off_barcode": null,
      "group_id": null,
      "match_type": null,
      "match_confidence": null,
      "quantity_g": null,
      "quantity_ml": null,
      "price_per_kg": null,
      "price_per_l": null
    },
    {
      "id": 6074,
      "name": "Esmara Бикини",
      "store": "Lidl",
      "price": 5.11,
      "old_price": null,
      "discount_pct": 0,
      "image_url": null,
      "off_barcode": null,
      "group_id": null,
      "match_type": null,
      "match_confidence": null,
      "quantity_g": null,
      "quantity_ml": null,
      "price_per_kg": null,
      "price_per_l": null
    },
    {
      "id": 6088,
      "name": "Esmara Блуза",
      "store": "Lidl",
      "price": 4.09,
      "old_price": null,
      "discount_pct": 0,
      "image_url": null,
      "off_barcode": null,
      "group_id": null,
      "match_type": null,
      "match_confidence": null,
      "quantity_g": null,
      "quantity_ml": null,
      "price_per_kg": null,
      "price_per_l": null
    },
    {
      "id": 6082,
      "name": "Esmara Оформящ клин",
      "store": "Lidl",
      "price": 5.62,
      "old_price": null,
      "discount_pct": 0,
      "image_url": null,
      "off_barcode": null,
      "group_id": null,
      "match_type": null,
      "match_confidence": null,
      "quantity_g": null,
      "quantity_ml": null,
      "price_per_kg": null,
      "price_per_l": null
    },
    {
      "id": 6081,
      "name": "Esmara Оформящ топ",
      "store": "Lidl",
      "price": 6.13,
      "old_price": null,
      "discount_pct": 0,
      "image_url": null,
      "off_barcode": null,
      "group_id": null,
      "match_type": null,
      "match_confidence": null,
      "quantity_g": null,
      "quantity_ml": null,
      "price_per_kg": null,
      "price_per_l": null
    },
    {
      "id": 6084,
      "name": "Esmara Оформящи бикини",
      "store": "Lidl",
      "price": 5.62,
      "old_price": null,
      "discount_pct": 0,
      "image_url": null,
      "off_barcode": null,
      "group_id": null,
      "match_type": null,
      "match_confidence": null,
      "quantity_g": null,
      "quantity_ml": null,
      "price_per_kg": null,
      "price_per_l": null
    },
    {
      "id": 6083,
      "name": "Esmara Оформящо боди",
      "store": "Lidl",
      "price": 7.66,
      "old_price": null,
      "discount_pct": 0,
      "image_url": null,
      "off_barcode": null,
      "group_id": null,
      "match_type": null,
      "match_confidence": null,
      "quantity_g": null,
      "quantity_ml": null,
      "price_per_kg": null,
      "price_per_l": null
    },
    {
      "id": 6087,
      "name": "Esmara Панталон",
      "store": "Lidl",
      "price": 9.71,
      "old_price": null,
      "discount_pct": 0,
      "image_url": null,
      "off_barcode": null,
      "group_id": null,
      "match_type": null,
      "match_confidence": null,
      "quantity_g": null,
      "quantity_ml": null,
      "price_per_kg": null,
      "price_per_l": null
    },
    {
      "id": 6075,
      "name": "Esmara Пижама",
      "store": "Lidl",
      "price": 6.64,
      "old_price": null,
      "discount_pct": 0,
      "image_url": null,
      "off_barcode": null,
      "group_id": null,
      "match_type": null,
      "match_confidence": null,
      "quantity_g": null,
      "quantity_ml": null,
      "price_per_kg": null,
      "price_per_l": null
    },
    {
      "id": 6019,
      "name": "Esmara Сатенен халат",
      "store": "Lidl",
      "price": 8.69,
      "old_price": null,
      "discount_pct": 0,
      "image_url": null,
      "off_barcode": null,
      "group_id": null,
      "match_type": null,
      "match_confidence": null,
      "quantity_g": null,
      "quantity_ml": null,
      "price_per_kg": null,
      "price_per_l": null
    },
    {
      "id": 6072,
      "name": "Esmara Сатенена нощница",
      "store": "Lidl",
      "price": 5.11,
      "old_price": null,
      "discount_pct": 0,
      "image_url": null,
      "off_barcode": null,
      "group_id": null,
      "match_type": null,
      "match_confidence": null,
      "quantity_g": null,
      "quantity_ml": null,
      "price_per_kg": null,
      "price_per_l": null
    },
    {
      "id": 6073,
      "name": "Esmara Сутиен",
      "store": "Lidl",
      "price": 5.62,
      "old_price": null,
      "discount_pct": 0,
      "image_url": null,
      "off_barcode": null,
      "group_id": null,
      "match_type": null,
      "match_confidence": null,
      "quantity_g": null,
      "quantity_ml": null,
      "price_per_kg": null,
      "price_per_l": null
    },
    {
      "id": 6089,
      "name": "Esmara Топ",
      "store": "Lidl",
      "price": 4.09,
      "old_price": null,
      "discount_pct": 0,
      "image_url": null,
      "off_barcode": null,
      "group_id": null,
      "match_type": null,
      "match_confidence": null,
      "quantity_g": null,
      "quantity_ml": null,
      "price_per_kg": null,
      "price_per_l": null
    },
    {
      "id": 6080,
      "name": "Esmara Часовник с гривна",
      "store": "Lidl",
      "price": 7.66,
      "old_price": null,
      "discount_pct": 0,
      "image_url": null,
      "off_barcode": null,
      "group_id": null,
      "match_type": null,
      "match_confidence": null,
      "quantity_g": null,
      "quantity_ml": null,
      "price_per_kg": null,
      "price_per_l": null
    },
    {
      "id": 6076,
      "name": "Esmara Чорапи",
      "store": "Lidl",
      "price": 2.55,
      "old_price": null,
      "discount_pct": 0,
      "image_url": null,
      "off_barcode": null,
      "group_id": null,
      "match_type": null,
      "match_confidence": null,
      "quantity_g": null,
      "quantity_ml": null,
      "price_per_kg": null,
      "price_per_l": null
    },
    {
      "id": 4072,
      "name": "Exo Препарат за съдове\nразлични видове",
      "store": "Kaufland",
      "price": 4.19,
      "old_price": null,
      "discount_pct": 0,
      "image_url": null,
      "off_barcode": null,
      "group_id": null,
      "match_type": null,
      "match_confidence": null,
      "quantity_g": null,
      "quantity_ml": null,
      "price_per_kg": null,
      "price_per_l": null
    },
    {
      "id": 4071,
      "name": "Exo препарат за съдове\nпромопакет,  2х400мл",
      "store": "Kaufland",
      "price": 4.19,
      "old_price": null,
      "discount_pct": 0,
      "image_url": null,
      "off_barcode": null,
      "group_id": null,
      "match_type": null,
      "match_confidence": null,
      "quantity_g": null,
      "quantity_ml": 800,
      "price_per_kg": null,
      "price_per_l": 5.24
    },
    {
      "id": 4058,
      "name": "FINISH Препарати за съдомиялнa\nразлични видове",
      "store": "Kaufland",
      "price": 8.98,
      "old_price": null,
      "discount_pct": 0,
      "image_url": null,
      "off_barcode": null,
      "group_id": null,
      "match_type": null,
      "match_confidence": null,
      "quantity_g": null,
      "quantity_ml": null,
      "price_per_kg": null,
      "price_per_l": null
    },
    {
      "id": 1109,
      "name": "FIVEPI",
      "store": "Kaufland",
      "price": 5.36,
      "old_price": null,
      "discount_pct": 0,
      "image_url": null,
      "off_barcode": null,
      "group_id": null,
      "match_type": null,
      "match_confidence": null,
      "quantity_g": null,
      "quantity_ml": null,
      "price_per_kg": null,
      "price_per_l": null
    },
    {
      "id": 3318,
      "name": "FIVEPI Гауда\nслайс",
      "store": "Kaufland",
      "price": 13.98,
      "old_price": null,
      "discount_pct": 0,
      "image_url": null,
      "off_barcode": null,
      "group_id": null,
      "match_type": null,
      "match_confidence": null,
      "quantity_g": null,
      "quantity_ml": null,
      "price_per_kg": null,
      "price_per_l": null
    },
    {
      "id": 4307,
      "name": "FIVEPI Маскарпоне\nИталия",
      "store": "Kaufland",
      "price": 10.48,
      "old_price": null,
      "discount_pct": 0,
      "image_url": null,
      "off_barcode": null,
      "group_id": null,
      "match_type": null,
      "match_confidence": null,
      "quantity_g": null,
      "quantity_ml": null,
      "price_per_kg": null,
      "price_per_l": null
    },
    {
      "id": 3637,
      "name": "Fa Душ гел\nразлични видове",
      "store": "Kaufland",
      "price": 6.98,
      "old_price": null,
      "discount_pct": 0,
      "image_url": null,
      "off_barcode": null,
      "group_id": null,
      "match_type": null,
      "match_confidence": null,
      "quantity_g": null,
      "quantity_ml": null,
      "price_per_kg": null,
      "price_per_l": null
    },
    {
      "id": 1333,
      "name": "Fairy",
      "store": "Kaufland",
      "price": 3.57,
      "old_price": null,
      "discount_pct": 0,
      "image_url": null,
      "off_barcode": null,
      "group_id": null,
      "match_type": null,
      "match_confidence": null,
      "quantity_g": null,
      "quantity_ml": null,
      "price_per_kg": null,
      "price_per_l": null
    },
    {
      "id": 3586,
      "name": "Fairy Препарат за съдове\nизбрани видове",
      "store": "Kaufland",
      "price": 5.48,
      "old_price": null,
      "discount_pct": 0,
      "image_url": null,
      "off_barcode": null,
      "group_id": null,
      "match_type": null,
      "match_confidence": null,
      "quantity_g": null,
      "quantity_ml": null,
      "price_per_kg": null,
      "price_per_l": null
    },
    {
      "id": 5985,
      "name": "Fairy Таблетки за съдомиялна",
      "store": "Lidl",
      "price": 15.33,
      "old_price": null,
      "discount_pct": 0,
      "image_url": null,
      "off_barcode": null,
      "group_id": null,
      "match_type": null,
      "match_confidence": null,
      "quantity_g": null,
      "quantity_ml": null,
      "price_per_kg": null,
      "price_per_l": null
    },
    {
      "id": 3684,
      "name": "Fairy Таблетки за съдомиялна\nизбрани видове",
      "store": "Kaufland",
      "price": 39.88,
      "old_price": null,
      "discount_pct": 0,
      "image_url": null,
      "off_barcode": null,
      "group_id": null,
      "match_type": null,
      "match_confidence": null,
      "quantity_g": null,
      "quantity_ml": null,
      "price_per_kg": null,
      "price_per_l": null
    },
    {
      "id": 3685,
      "name": "Fairy табл. за съдомиялна\nXXL Platinum Plus , 88 бр.",
      "store": "Kaufland",
      "price": 39.88,
      "old_price": null,
      "discount_pct": 0,
      "image_url": null,
      "off_barcode": null,
      "group_id": null,
      "match_type": null,
      "match_confidence": null,
      "quantity_g": null,
      "quantity_ml": null,
      "price_per_kg": null,
      "price_per_l": null
    },
    {
      "id": 1332,
      "name": "Fairy, Препарат за съдове",
      "store": "Kaufland",
      "price": 3.57,
      "old_price": null,
      "discount_pct": 0,
      "image_url": null,
      "off_barcode": null,
      "group_id": null,
      "match_type": null,
      "match_confidence": null,
      "quantity_g": null,
      "quantity_ml": null,
      "price_per_kg": null,
      "price_per_l": null
    },
    {
      "id": 414,
      "name": "Fairy, Препарат за съдове избрани видове\n0,65 - 1,35 л",
      "store": "Kaufland",
      "price": 6.98,
      "old_price": null,
      "discount_pct": 0,
      "image_url": null,
      "off_barcode": null,
      "group_id": null,
      "match_type": null,
      "match_confidence": null,
      "quantity_g": null,
      "quantity_ml": 1350,
      "price_per_kg": null,
      "price_per_l": 5.17
    },
    {
      "id": 1315,
      "name": "Familia",
      "store": "Kaufland",
      "price": 8.68,
      "old_price": null,
      "discount_pct": 0,
      "image_url": null,
      "off_barcode": null,
      "group_id": null,
      "match_type": null,
      "match_confidence": null,
      "quantity_g": null,
      "quantity_ml": null,
      "price_per_kg": null,
      "price_per_l": null
    },
    {
      "id": 3824,
      "name": "Familia Кухненска ролка\nразлични видове",
      "store": "Kaufland",
      "price": 13.98,
      "old_price": null,
      "discount_pct": 0,
      "image_url": null,
      "off_barcode": null,
      "group_id": null,
      "match_type": null,
      "match_confidence": null,
      "quantity_g": null,
      "quantity_ml": null,
      "price_per_kg": null,
      "price_per_l": null
    },
    {
      "id": 396,
      "name": "Familia Тоалетна хартия\nMagic Flower",
      "store": "Kaufland",
      "price": 16.98,
      "old_price": null,
      "discount_pct": 0,
      "image_url": null,
      "off_barcode": null,
      "group_id": null,
      "match_type": null,
      "match_confidence": null,
      "quantity_g": null,
      "quantity_ml": null,
      "price_per_kg": null,
      "price_per_l": null
    },
    {
      "id": 4423,
      "name": "Familia Тоалетна хартия\nразлични видове",
      "store": "Kaufland",
      "price": 16.98,
      "old_price": null,
      "discount_pct": 0,
      "image_url": null,
      "off_barcode": null,
      "group_id": null,
      "match_type": null,
      "match_confidence": null,
      "quantity_g": null,
      "quantity_ml": null,
      "price_per_kg": null,
      "price_per_l": null
    },
    {
      "id": 1407,
      "name": "Finlux",
      "store": "Kaufland",
      "price": 30.67,
      "old_price": null,
      "discount_pct": 0,
      "image_url": null,
      "off_barcode": null,
      "group_id": null,
      "match_type": null,
      "match_confidence": null,
      "quantity_g": null,
      "quantity_ml": null,
      "price_per_kg": null,
      "price_per_l": null
    },
    {
      "id": 489,
      "name": "Finlux Фритюрник FDF-2518BS",
      "store": "Kaufland",
      "price": 59.99,
      "old_price": null,
      "discount_pct": 0,
      "image_url": null,
      "off_barcode": null,
      "group_id": null,
      "match_type": null,
      "match_confidence": null,
      "quantity_g": null,
      "quantity_ml": null,
      "price_per_kg": null,
      "price_per_l": null
    },
    {
      "id": 1265,
      "name": "Flirt",
      "store": "Kaufland",
      "price": 8.17,
      "old_price": null,
      "discount_pct": 0,
      "image_url": null,
      "off_barcode": null,
      "group_id": null,
      "match_type": null,
      "match_confidence": null,
      "quantity_g": null,
      "quantity_ml": null,
      "price_per_kg": null,
      "price_per_l": null
    },
    {
      "id": 347,
      "name": "Flirt Водка",
      "store": "Kaufland",
      "price": 15.98,
      "old_price": null,
      "discount_pct": 0,
      "image_url": null,
      "off_barcode": null,
      "group_id": null,
      "match_type": null,
      "match_confidence": null,
      "quantity_g": null,
      "quantity_ml": null,
      "price_per_kg": null,
      "price_per_l": null
    },
    {
      "id": 456,
      "name": "Frezco",
      "store": "Kaufland",
      "price": 1.84,
      "old_price": null,
      "discount_pct": 0,
      "image_url": null,
      "off_barcode": null,
      "group_id": null,
      "match_type": null,
      "match_confidence": null,
      "quantity_g": null,
      "quantity_ml": null,
      "price_per_kg": null,
      "price_per_l": null
    },
    {
      "id": 1008,
      "name": "GEMBIRD",
      "store": "Kaufland",
      "price": 6.64,
      "old_price": null,
      "discount_pct": 0,
      "image_url": null,
      "off_barcode": null,
      "group_id": null,
      "match_type": null,
      "match_confidence": null,
      "quantity_g": null,
      "quantity_ml": null,
      "price_per_kg": null,
      "price_per_l": null
    },
    {
      "id": 1289,
      "name": "GILLETTE",
      "store": "Kaufland",
      "price": 8.68,
      "old_price": null,
      "discount_pct": 0,
      "image_url": null,
      "off_barcode": null,
      "group_id": null,
      "match_type": null,
      "match_confidence": null,
      "quantity_g": null,
      "quantity_ml": null,
      "price_per_kg": null,
      "price_per_l": null
    },
    {
      "id": 4377,
      "name": "GILLETTE Самобръсначка\nBlue 3",
      "store": "Kaufland",
      "price": 16.98,
      "old_price": null,
      "discount_pct": 0,
      "image_url": null,
      "off_barcode": null,
      "group_id": null,
      "match_type": null,
      "match_confidence": null,
      "quantity_g": null,
      "quantity_ml": null,
      "price_per_kg": null,
      "price_per_l": null
    },
    {
      "id": 4378,
      "name": "GILLETTE Самобръсначка Blue 3\nразлични видове",
      "store": "Kaufland",
      "price": 16.98,
      "old_price": null,
      "discount_pct": 0,
      "image_url": null,
      "off_barcode": null,
      "group_id": null,
      "match_type": null,
      "match_confidence": null,
      "quantity_g": null,
      "quantity_ml": null,
      "price_per_kg": null,
      "price_per_l": null
    },
    {
      "id": 370,
      "name": "GILLETTE Самобръсначка Sensor3/ Blue3\nразлични видове",
      "store": "Kaufland",
      "price": 16.98,
      "old_price": null,
      "discount_pct": 0,
      "image_url": null,
      "off_barcode": null,
      "group_id": null,
      "match_type": null,
      "match_confidence": null,
      "quantity_g": null,
      "quantity_ml": null,
      "price_per_kg": null,
      "price_per_l": null
    },
    {
      "id": 996,
      "name": "GOURMET GOLD",
      "store": "Kaufland",
      "price": 4.59,
      "old_price": null,
      "discount_pct": 0,
      "image_url": null,
      "off_barcode": null,
      "group_id": null,
      "match_type": null,
      "match_confidence": null,
      "quantity_g": null,
      "quantity_ml": null,
      "price_per_kg": null,
      "price_per_l": null
    },
    {
      "id": 1094,
      "name": "GRANAROLO",
      "store": "Kaufland",
      "price": 1.78,
      "old_price": null,
      "discount_pct": 0,
      "image_url": null,
      "off_barcode": null,
      "group_id": null,
      "match_type": null,
      "match_confidence": null,
      "quantity_g": null,
      "quantity_ml": null,
      "price_per_kg": null,
      "price_per_l": null
    },
    {
      "id": 4303,
      "name": "GRANAROLO Бурата",
      "store": "Kaufland",
      "price": 3.48,
      "old_price": null,
      "discount_pct": 0,
      "image_url": null,
      "off_barcode": null,
      "group_id": null,
      "match_type": null,
      "match_confidence": null,
      "quantity_g": null,
      "quantity_ml": null,
      "price_per_kg": null,
      "price_per_l": null
    },
    {
      "id": 5818,
      "name": "Gillette Гел за бръснене",
      "store": "Lidl",
      "price": 3.57,
      "old_price": null,
      "discount_pct": 0,
      "image_url": null,
      "off_barcode": null,
      "group_id": null,
      "match_type": null,
      "match_confidence": null,
      "quantity_g": null,
      "quantity_ml": null,
      "price_per_kg": null,
      "price_per_l": null
    },
    {
      "id": 3648,
      "name": "Gillette Дезодорант гел\nразлични видове",
      "store": "Kaufland",
      "price": 6.59,
      "old_price": null,
      "discount_pct": 0,
      "image_url": null,
      "off_barcode": null,
      "group_id": null,
      "match_type": null,
      "match_confidence": null,
      "quantity_g": null,
      "quantity_ml": null,
      "price_per_kg": null,
      "price_per_l": null
    },
    {
      "id": 3647,
      "name": "Gillette Део гел\nразлични видове",
      "store": "Kaufland",
      "price": 6.59,
      "old_price": null,
      "discount_pct": 0,
      "image_url": null,
      "off_barcode": null,
      "group_id": null,
      "match_type": null,
      "match_confidence": null,
      "quantity_g": null,
      "quantity_ml": null,
      "price_per_kg": null,
      "price_per_l": null
    },
    {
      "id": 3649,
      "name": "Gillette Рол он\nPower Rush",
      "store": "Kaufland",
      "price": 6.59,
      "old_price": null,
      "discount_pct": 0,
      "image_url": null,
      "off_barcode": null,
      "group_id": null,
      "match_type": null,
      "match_confidence": null,
      "quantity_g": null,
      "quantity_ml": null,
      "price_per_kg": null,
      "price_per_l": null
    },
    {
      "id": 385,
      "name": "Gliss Маска за коса\n4 в 1",
      "store": "Kaufland",
      "price": 9.99,
      "old_price": null,
      "discount_pct": 0,
      "image_url": null,
      "off_barcode": null,
      "group_id": null,
      "match_type": null,
      "match_confidence": null,
      "quantity_g": null,
      "quantity_ml": null,
      "price_per_kg": null,
      "price_per_l": null
    },
    {
      "id": 3696,
      "name": "Gourmet Gold Храна за котки\nразлични видове",
      "store": "Kaufland",
      "price": 1.19,
      "old_price": null,
      "discount_pct": 0,
      "image_url": null,
      "off_barcode": null,
      "group_id": null,
      "match_type": null,
      "match_confidence": null,
      "quantity_g": null,
      "quantity_ml": null,
      "price_per_kg": null,
      "price_per_l": null
    },
    {
      "id": 1285,
      "name": "Grant's",
      "store": "Kaufland",
      "price": 18.4,
      "old_price": null,
      "discount_pct": 0,
      "image_url": null,
      "off_barcode": null,
      "group_id": null,
      "match_type": null,
      "match_confidence": null,
      "quantity_g": null,
      "quantity_ml": null,
      "price_per_kg": null,
      "price_per_l": null
    },
    {
      "id": 367,
      "name": "Grant's Шотландско уиски",
      "store": "Kaufland",
      "price": 35.99,
      "old_price": null,
      "discount_pct": 0,
      "image_url": null,
      "off_barcode": null,
      "group_id": null,
      "match_type": null,
      "match_confidence": null,
      "quantity_g": null,
      "quantity_ml": null,
      "price_per_kg": null,
      "price_per_l": null
    },
    {
      "id": 3583,
      "name": "HANKEY BANNISTER Шотландско уиски\n40% vol",
      "store": "Kaufland",
      "price": 28.99,
      "old_price": null,
      "discount_pct": 0,
      "image_url": null,
      "off_barcode": null,
      "group_id": null,
      "match_type": null,
      "match_confidence": null,
      "quantity_g": null,
      "quantity_ml": null,
      "price_per_kg": null,
      "price_per_l": null
    },
    {
      "id": 3869,
      "name": "HIP&HOPPS Детско термобельо\n134 - 164",
      "store": "Kaufland",
      "price": 12.99,
      "old_price": null,
      "discount_pct": 0,
      "image_url": null,
      "off_barcode": null,
      "group_id": null,
      "match_type": null,
      "match_confidence": null,
      "quantity_g": null,
      "quantity_ml": null,
      "price_per_kg": null,
      "price_per_l": null
    },
    {
      "id": 3868,
      "name": "HIP&HOPPS Детско термобельо\\n134 - 164",
      "store": "Kaufland",
      "price": 2.48,
      "old_price": null,
      "discount_pct": 0,
      "image_url": null,
      "off_barcode": null,
      "group_id": null,
      "match_type": null,
      "match_confidence": null,
      "quantity_g": null,
      "quantity_ml": null,
      "price_per_kg": null,
      "price_per_l": null
    },
    {
      "id": 2809,
      "name": "Halloween Donut | LIDL",
      "store": "Lidl",
      "price": 117.35,
      "old_price": null,
      "discount_pct": 0,
      "image_url": null,
      "off_barcode": null,
      "group_id": null,
      "match_type": null,
      "match_confidence": null,
      "quantity_g": null,
      "quantity_ml": null,
      "price_per_kg": null,
      "price_per_l": null
    },
    {
      "id": 4446,
      "name": "Haribo Ароматна свещ\nв стъкленица",
      "store": "Kaufland",
      "price": 19.99,
      "old_price": null,
      "discount_pct": 0,
      "image_url": null,
      "off_barcode": null,
      "group_id": null,
      "match_type": null,
      "match_confidence": null,
      "quantity_g": null,
      "quantity_ml": null,
      "price_per_kg": null,
      "price_per_l": null
    },
    {
      "id": 5718,
      "name": "Heinz Кетчуп",
      "store": "Lidl",
      "price": 3.06,
      "old_price": null,
      "discount_pct": 0,
      "image_url": null,
      "off_barcode": null,
      "group_id": "g_6512bd43",
      "match_type": "name_similarity",
      "match_confidence": 1.0,
      "quantity_g": null,
      "quantity_ml": null,
      "price_per_kg": null,
      "price_per_l": null
    },
    {
      "id": 5717,
      "name": "Heinz Майонеза",
      "store": "Lidl",
      "price": 3.83,
      "old_price": null,
      "discount_pct": 0,
      "image_url": null,
      "off_barcode": null,
      "group_id": null,
      "match_type": null,
      "match_confidence": null,
      "quantity_g": null,
      "quantity_ml": null,
      "price_per_kg": null,
      "price_per_l": null
    },
    {
      "id": 5725,
      "name": "Heinz Печен боб в доматен сос",
      "store": "Lidl",
      "price": 4.85,
      "old_price": null,
      "discount_pct": 0,
      "image_url": null,
      "off_barcode": null,
      "group_id": null,
      "match_type": null,
      "match_confidence": null,
      "quantity_g": null,
      "quantity_ml": null,
      "price_per_kg": null,
      "price_per_l": null
    },
    {
      "id": 475,
      "name": "Home Practic Отвертка 18 в 1",
      "store": "Kaufland",
      "price": 3.99,
      "old_price": null,
      "discount_pct": 0,
      "image_url": null,
      "off_barcode": null,
      "group_id": null,
      "match_type": null,
      "match_confidence": null,
      "quantity_g": null,
      "quantity_ml": null,
      "price_per_kg": null,
      "price_per_l": null
    },
    {
      "id": 3814,
      "name": "Home Practic Сгъваем леген\n26 л",
      "store": "Kaufland",
      "price": 14.98,
      "old_price": null,
      "discount_pct": 0,
      "image_url": null,
      "off_barcode": null,
      "group_id": null,
      "match_type": null,
      "match_confidence": null,
      "quantity_g": null,
      "quantity_ml": 26000,
      "price_per_kg": null,
      "price_per_l": 0.58
    },
    {
      "id": 3815,
      "name": "Home Practic Сгъваем леген\\n26 л",
      "store": "Kaufland",
      "price": 5.98,
      "old_price": null,
      "discount_pct": 0,
      "image_url": null,
      "off_barcode": null,
      "group_id": null,
      "match_type": null,
      "match_confidence": null,
      "quantity_g": null,
      "quantity_ml": 26000,
      "price_per_kg": null,
      "price_per_l": 0.23
    },
    {
      "id": 3731,
      "name": "Honey Шкаф\n4 чекмеджета",
      "store": "Kaufland",
      "price": 31.98,
      "old_price": null,
      "discount_pct": 0,
      "image_url": null,
      "off_barcode": null,
      "group_id": null,
      "match_type": null,
      "match_confidence": null,
      "quantity_g": null,
      "quantity_ml": null,
      "price_per_kg": null,
      "price_per_l": null
    },
    {
      "id": 1075,
      "name": "IRISH BEEF",
      "store": "Kaufland",
      "price": 13.29,
      "old_price": null,
      "discount_pct": 0,
      "image_url": null,
      "off_barcode": null,
      "group_id": null,
      "match_type": null,
      "match_confidence": null,
      "quantity_g": null,
      "quantity_ml": null,
      "price_per_kg": null,
      "price_per_l": null
    },
    {
      "id": 4297,
      "name": "IRISH BEEF Ирландско говеждо от врат\nот свежата витрина",
      "store": "Kaufland",
      "price": 25.99,
      "old_price": null,
      "discount_pct": 0,
      "image_url": null,
      "off_barcode": null,
      "group_id": null,
      "match_type": null,
      "match_confidence": null,
      "quantity_g": null,
      "quantity_ml": null,
      "price_per_kg": null,
      "price_per_l": null
    },
    {
      "id": 584,
      "name": "Ivel Локумени вафли",
      "store": "Lidl",
      "price": 0.4,
      "old_price": null,
      "discount_pct": 0,
      "image_url": null,
      "off_barcode": null,
      "group_id": null,
      "match_type": null,
      "match_confidence": null,
      "quantity_g": null,
      "quantity_ml": null,
      "price_per_kg": null,
      "price_per_l": null
    },
    {
      "id": 4566,
      "name": "K-CLASSIC Комплект за тоалетна",
      "store": "Kaufland",
      "price": 2.99,
      "old_price": null,
      "discount_pct": 0,
      "image_url": null,
      "off_barcode": null,
      "group_id": null,
      "match_type": null,
      "match_confidence": null,
      "quantity_g": null,
      "quantity_ml": null,
      "price_per_kg": null,
      "price_per_l": null
    },
    {
      "id": 3698,
      "name": "K-CLASSIC Котешка тоалетна",
      "store": "Kaufland",
      "price": 6.49,
      "old_price": null,
      "discount_pct": 0,
      "image_url": null,
      "off_barcode": null,
      "group_id": null,
      "match_type": null,
      "match_confidence": null,
      "quantity_g": null,
      "quantity_ml": null,
      "price_per_kg": null,
      "price_per_l": null
    },
    {
      "id": 3700,
      "name": "K-CLASSIC Храна за котки\nконсерва",
      "store": "Kaufland",
      "price": 1.35,
      "old_price": null,
      "discount_pct": 0,
      "image_url": null,
      "off_barcode": null,
      "group_id": null,
      "match_type": null,
      "match_confidence": null,
      "quantity_g": null,
      "quantity_ml": null,
      "price_per_kg": null,
      "price_per_l": null
    },
    {
      "id": 3325,
      "name": "K-Classic Багета с масло\nразлични видове",
      "store": "Kaufland",
      "price": 2.78,
      "old_price": null,
      "discount_pct": 0,
      "image_url": null,
      "off_barcode": null,
      "group_id": null,
      "match_type": null,
      "match_confidence": null,
      "quantity_g": null,
      "quantity_ml": null,
      "price_per_kg": null,
      "price_per_l": null
    },
    {
      "id": 3735,
      "name": "K-Classic Изтривалка",
      "store": "Kaufland",
      "price": 7.98,
      "old_price": null,
      "discount_pct": 0,
      "image_url": null,
      "off_barcode": null,
      "group_id": null,
      "match_type": null,
      "match_confidence": null,
      "quantity_g": null,
      "quantity_ml": null,
      "price_per_kg": null,
      "price_per_l": null
    },
    {
      "id": 3733,
      "name": "K-Classic Изтривалка\n40 х 60 см",
      "store": "Kaufland",
      "price": 7.98,
      "old_price": null,
      "discount_pct": 0,
      "image_url": null,
      "off_barcode": null,
      "group_id": null,
      "match_type": null,
      "match_confidence": null,
      "quantity_g": null,
      "quantity_ml": null,
      "price_per_kg": null,
      "price_per_l": null
    },
    {
      "id": 3734,
      "name": "K-Classic Изтривалка\\n40 х 60 см",
      "store": "Kaufland",
      "price": 7.98,
      "old_price": null,
      "discount_pct": 0,
      "image_url": null,
      "off_barcode": null,
      "group_id": null,
      "match_type": null,
      "match_confidence": null,
      "quantity_g": null,
      "quantity_ml": null,
      "price_per_kg": null,
      "price_per_l": null
    },
    {
      "id": 4572,
      "name": "K-Classic Количка за пазаруване\nс хладилна чанта",
      "store": "Kaufland",
      "price": 44.98,
      "old_price": null,
      "discount_pct": 0,
      "image_url": null,
      "off_barcode": null,
      "group_id": null,
      "match_type": null,
      "match_confidence": null,
      "quantity_g": null,
      "quantity_ml": null,
      "price_per_kg": null,
      "price_per_l": null
    },
    {
      "id": 4574,
      "name": "K-Classic Комплект резерви\nразлични видове",
      "store": "Kaufland",
      "price": 2.48,
      "old_price": null,
      "discount_pct": 0,
      "image_url": null,
      "off_barcode": null,
      "group_id": null,
      "match_type": null,
      "match_confidence": null,
      "quantity_g": null,
      "quantity_ml": null,
      "price_per_kg": null,
      "price_per_l": null
    },
    {
      "id": 3816,
      "name": "K-Classic Кофа\n12 л",
      "store": "Kaufland",
      "price": 3.99,
      "old_price": null,
      "discount_pct": 0,
      "image_url": null,
      "off_barcode": null,
      "group_id": null,
      "match_type": null,
      "match_confidence": null,
      "quantity_g": null,
      "quantity_ml": 12000,
      "price_per_kg": null,
      "price_per_l": 0.33
    },
    {
      "id": 427,
      "name": "K-Classic Маслена свещ",
      "store": "Kaufland",
      "price": 0.98,
      "old_price": null,
      "discount_pct": 0,
      "image_url": null,
      "off_barcode": null,
      "group_id": null,
      "match_type": null,
      "match_confidence": null,
      "quantity_g": null,
      "quantity_ml": null,
      "price_per_kg": null,
      "price_per_l": null
    },
    {
      "id": 3179,
      "name": "K-Classic Млечен десерт",
      "store": "Kaufland",
      "price": 1.84,
      "old_price": null,
      "discount_pct": 0,
      "image_url": null,
      "off_barcode": null,
      "group_id": null,
      "match_type": null,
      "match_confidence": null,
      "quantity_g": null,
      "quantity_ml": null,
      "price_per_kg": null,
      "price_per_l": null
    },
    {
      "id": 4573,
      "name": "K-Classic Спрей моп",
      "store": "Kaufland",
      "price": 13.98,
      "old_price": null,
      "discount_pct": 0,
      "image_url": null,
      "off_barcode": null,
      "group_id": null,
      "match_type": null,
      "match_confidence": null,
      "quantity_g": null,
      "quantity_ml": null,
      "price_per_kg": null,
      "price_per_l": null
    },
    {
      "id": 382,
      "name": "K-Classic Суха храна за котки",
      "store": "Kaufland",
      "price": 5.98,
      "old_price": null,
      "discount_pct": 0,
      "image_url": null,
      "off_barcode": null,
      "group_id": "g_d3d94468",
      "match_type": "name_similarity",
      "match_confidence": 0.77,
      "quantity_g": null,
      "quantity_ml": null,
      "price_per_kg": null,
      "price_per_l": null
    },
    {
      "id": 4067,
      "name": "K-Classic Тоалетна хартия\n32 бр.",
      "store": "Kaufland",
      "price": 12.79,
      "old_price": null,
      "discount_pct": 0,
      "image_url": null,
      "off_barcode": null,
      "group_id": null,
      "match_type": null,
      "match_confidence": null,
      "quantity_g": null,
      "quantity_ml": null,
      "price_per_kg": null,
      "price_per_l": null
    },
    {
      "id": 486,
      "name": "KINGSHILL Панталон\nS - XXL",
      "store": "Kaufland",
      "price": 24.98,
      "old_price": null,
      "discount_pct": 0,
      "image_url": null,
      "off_barcode": null,
      "group_id": null,
      "match_type": null,
      "match_confidence": null,
      "quantity_g": null,
      "quantity_ml": null,
      "price_per_kg": null,
      "price_per_l": null
    },
    {
      "id": 5724,
      "name": "Karnobatplod Компот от праскови",
      "store": "Lidl",
      "price": 3.57,
      "old_price": null,
      "discount_pct": 0,
      "image_url": null,
      "off_barcode": null,
      "group_id": null,
      "match_type": null,
      "match_confidence": null,
      "quantity_g": null,
      "quantity_ml": null,
      "price_per_kg": null,
      "price_per_l": null
    },
    {
      "id": 1488,
      "name": "Kaмелия",
      "store": "Kaufland",
      "price": 9.2,
      "old_price": null,
      "discount_pct": 0,
      "image_url": null,
      "off_barcode": null,
      "group_id": null,
      "match_type": null,
      "match_confidence": null,
      "quantity_g": null,
      "quantity_ml": null,
      "price_per_kg": null,
      "price_per_l": null
    },
    {
      "id": 3193,
      "name": "Kaмелия Градинско растение",
      "store": "Kaufland",
      "price": 17.99,
      "old_price": null,
      "discount_pct": 0,
      "image_url": null,
      "off_barcode": null,
      "group_id": null,
      "match_type": null,
      "match_confidence": null,
      "quantity_g": null,
      "quantity_ml": null,
      "price_per_kg": null,
      "price_per_l": null
    },
    {
      "id": 660,
      "name": "King оферта - Сега в Billa - Cammino D'oro Моцарела 2 х 125 г",
      "store": "Billa",
      "price": 2.19,
      "old_price": null,
      "discount_pct": 0,
      "image_url": null,
      "off_barcode": null,
      "group_id": null,
      "match_type": null,
      "match_confidence": null,
      "quantity_g": 250,
      "quantity_ml": null,
      "price_per_kg": 8.76,
      "price_per_l": null
    },
    {
      "id": 649,
      "name": "King оферта - Сега в Billa - Emeka Тоалетна хартия 3 пласта 32 + 8 бр. в опаковка Произход - Българи",
      "store": "Billa",
      "price": 9.19,
      "old_price": null,
      "discount_pct": 0,
      "image_url": null,
      "off_barcode": null,
      "group_id": null,
      "match_type": null,
      "match_confidence": null,
      "quantity_g": null,
      "quantity_ml": null,
      "price_per_kg": null,
      "price_per_l": null
    },
    {
      "id": 662,
      "name": "King оферта - Сега в Billa - Jogobella Йогурт 400 г",
      "store": "Billa",
      "price": 1.29,
      "old_price": null,
      "discount_pct": 0,
      "image_url": null,
      "off_barcode": null,
      "group_id": null,
      "match_type": null,
      "match_confidence": null,
      "quantity_g": 400,
      "quantity_ml": null,
      "price_per_kg": 3.23,
      "price_per_l": null
    },
    {
      "id": 669,
      "name": "King оферта - Сега в Billa - Milka Бисквити Милка XL 184 г",
      "store": "Billa",
      "price": 1.94,
      "old_price": null,
      "discount_pct": 0,
      "image_url": null,
      "off_barcode": null,
      "group_id": null,
      "match_type": null,
      "match_confidence": null,
      "quantity_g": 184,
      "quantity_ml": null,
      "price_per_kg": 10.54,
      "price_per_l": null
    },
    {
      "id": 666,
      "name": "King оферта - Сега в Billa - Nucrema Какаов крем 1,2 кг",
      "store": "Billa",
      "price": 5.11,
      "old_price": null,
      "discount_pct": 0,
      "image_url": null,
      "off_barcode": null,
      "group_id": null,
      "match_type": null,
      "match_confidence": null,
      "quantity_g": 1200,
      "quantity_ml": null,
      "price_per_kg": 4.26,
      "price_per_l": null
    },
    {
      "id": 670,
      "name": "King оферта - Сега в Billa - Palmolive Тоалетен сапун 4 x 90 г Продукт, маркиран със синя звезда",
      "store": "Billa",
      "price": 2.29,
      "old_price": null,
      "discount_pct": 0,
      "image_url": null,
      "off_barcode": null,
      "group_id": null,
      "match_type": null,
      "match_confidence": null,
      "quantity_g": 360,
      "quantity_ml": null,
      "price_per_kg": 6.36,
      "price_per_l": null
    },
    {
      "id": 665,
      "name": "King оферта - Сега в Billa - Мираж тунквани бисквити Макси ягодa или портокал 245 г",
      "store": "Billa",
      "price": 1.53,
      "old_price": null,
      "discount_pct": 0,
      "image_url": null,
      "off_barcode": null,
      "group_id": null,
      "match_type": null,
      "match_confidence": null,
      "quantity_g": 245,
      "quantity_ml": null,
      "price_per_kg": 6.24,
      "price_per_l": null
    },
    {
      "id": 2881,
      "name": "Kit Kat Донат | LIDL",
      "store": "Lidl",
      "price": 1.19,
      "old_price": null,
      "discount_pct": 0,
      "image_url": null,
      "off_barcode": null,
      "group_id": null,
      "match_type": null,
      "match_confidence": null,
      "quantity_g": null,
      "quantity_ml": null,
      "price_per_kg": null,
      "price_per_l": null
    },
    {
      "id": 6038,
      "name": "Kosmos Играчка",
      "store": "Lidl",
      "price": 9.2,
      "old_price": null,
      "discount_pct": 0,
      "image_url": null,
      "off_barcode": null,
      "group_id": null,
      "match_type": null,
      "match_confidence": null,
      "quantity_g": null,
      "quantity_ml": null,
      "price_per_kg": null,
      "price_per_l": null
    },
    {
      "id": 5901,
      "name": "Krina Грухана пшеница",
      "store": "Lidl",
      "price": 0.59,
      "old_price": null,
      "discount_pct": 0,
      "image_url": null,
      "off_barcode": null,
      "group_id": null,
      "match_type": null,
      "match_confidence": null,
      "quantity_g": null,
      "quantity_ml": null,
      "price_per_kg": null,
      "price_per_l": null
    },
    {
      "id": 3460,
      "name": "L'OR Flavours collection Кафе капсули",
      "store": "Kaufland",
      "price": 32.99,
      "old_price": null,
      "discount_pct": 0,
      "image_url": null,
      "off_barcode": null,
      "group_id": null,
      "match_type": null,
      "match_confidence": null,
      "quantity_g": null,
      "quantity_ml": null,
      "price_per_kg": null,
      "price_per_l": null
    },
    {
      "id": 1305,
      "name": "L'Oreal Elseve",
      "store": "Kaufland",
      "price": 4.59,
      "old_price": null,
      "discount_pct": 0,
      "image_url": null,
      "off_barcode": null,
      "group_id": null,
      "match_type": null,
      "match_confidence": null,
      "quantity_g": null,
      "quantity_ml": null,
      "price_per_kg": null,
      "price_per_l": null
    },
    {
      "id": 4408,
      "name": "L'Oreal Elseve Шампоан или Крем за коса",
      "store": "Kaufland",
      "price": 8.98,
      "old_price": null,
      "discount_pct": 0,
      "image_url": null,
      "off_barcode": null,
      "group_id": null,
      "match_type": null,
      "match_confidence": null,
      "quantity_g": null,
      "quantity_ml": null,
      "price_per_kg": null,
      "price_per_l": null
    },
    {
      "id": 386,
      "name": "L'Oreal Elseve Шампоан или Крем за коса\nразлични видове",
      "store": "Kaufland",
      "price": 8.98,
      "old_price": null,
      "discount_pct": 0,
      "image_url": null,
      "off_barcode": null,
      "group_id": null,
      "match_type": null,
      "match_confidence": null,
      "quantity_g": null,
      "quantity_ml": null,
      "price_per_kg": null,
      "price_per_l": null
    },
    {
      "id": 387,
      "name": "L'Oreal Elseve Шампоан/ Крем за коса\nразлични видове",
      "store": "Kaufland",
      "price": 8.98,
      "old_price": null,
      "discount_pct": 0,
      "image_url": null,
      "off_barcode": null,
      "group_id": null,
      "match_type": null,
      "match_confidence": null,
      "quantity_g": null,
      "quantity_ml": null,
      "price_per_kg": null,
      "price_per_l": null
    },
    {
      "id": 1306,
      "name": "L'оreal",
      "store": "Kaufland",
      "price": 4.59,
      "old_price": null,
      "discount_pct": 0,
      "image_url": null,
      "off_barcode": null,
      "group_id": null,
      "match_type": null,
      "match_confidence": null,
      "quantity_g": null,
      "quantity_ml": null,
      "price_per_kg": null,
      "price_per_l": null
    },
    {
      "id": 4409,
      "name": "L'оreal Шампоан Elseve",
      "store": "Kaufland",
      "price": 8.98,
      "old_price": null,
      "discount_pct": 0,
      "image_url": null,
      "off_barcode": null,
      "group_id": null,
      "match_type": null,
      "match_confidence": null,
      "quantity_g": null,
      "quantity_ml": null,
      "price_per_kg": null,
      "price_per_l": null
    },
    {
      "id": 5810,
      "name": "LB Bulgaricum Кисело мляко БДС",
      "store": "Lidl",
      "price": 0.69,
      "old_price": null,
      "discount_pct": 0,
      "image_url": null,
      "off_barcode": null,
      "group_id": null,
      "match_type": null,
      "match_confidence": null,
      "quantity_g": null,
      "quantity_ml": null,
      "price_per_kg": null,
      "price_per_l": null
    },
    {
      "id": 3590,
      "name": "LENOR Омекотител или\nПарфюмни перли",
      "store": "Kaufland",
      "price": 9.49,
      "old_price": null,
      "discount_pct": 0,
      "image_url": null,
      "off_barcode": null,
      "group_id": null,
      "match_type": null,
      "match_confidence": null,
      "quantity_g": null,
      "quantity_ml": null,
      "price_per_kg": null,
      "price_per_l": null
    },
    {
      "id": 1342,
      "name": "LIV&BO",
      "store": "Kaufland",
      "price": 6.64,
      "old_price": null,
      "discount_pct": 0,
      "image_url": null,
      "off_barcode": null,
      "group_id": null,
      "match_type": null,
      "match_confidence": null,
      "quantity_g": null,
      "quantity_ml": null,
      "price_per_kg": null,
      "price_per_l": null
    },
    {
      "id": 3758,
      "name": "LIV&BO Възглавница\n50 х 70 см",
      "store": "Kaufland",
      "price": 7.98,
      "old_price": null,
      "discount_pct": 0,
      "image_url": null,
      "off_barcode": null,
      "group_id": null,
      "match_type": null,
      "match_confidence": null,
      "quantity_g": null,
      "quantity_ml": null,
      "price_per_kg": null,
      "price_per_l": null
    },
    {
      "id": 3759,
      "name": "LIV&BO Възглавница\nза път",
      "store": "Kaufland",
      "price": 8.98,
      "old_price": null,
      "discount_pct": 0,
      "image_url": null,
      "off_barcode": null,
      "group_id": null,
      "match_type": null,
      "match_confidence": null,
      "quantity_g": null,
      "quantity_ml": null,
      "price_per_kg": null,
      "price_per_l": null
    },
    {
      "id": 3172,
      "name": "LIV&BO Декоративна възглавница",
      "store": "Kaufland",
      "price": 12.99,
      "old_price": null,
      "discount_pct": 0,
      "image_url": null,
      "off_barcode": null,
      "group_id": null,
      "match_type": null,
      "match_confidence": null,
      "quantity_g": null,
      "quantity_ml": null,
      "price_per_kg": null,
      "price_per_l": null
    },
    {
      "id": 4575,
      "name": "LIV&BO Душ комплект",
      "store": "Kaufland",
      "price": 79.99,
      "old_price": null,
      "discount_pct": 0,
      "image_url": null,
      "off_barcode": null,
      "group_id": null,
      "match_type": null,
      "match_confidence": null,
      "quantity_g": null,
      "quantity_ml": null,
      "price_per_kg": null,
      "price_per_l": null
    },
    {
      "id": 4567,
      "name": "LIV&BO Комплект кошници\n2 бр.",
      "store": "Kaufland",
      "price": 3.99,
      "old_price": null,
      "discount_pct": 0,
      "image_url": null,
      "off_barcode": null,
      "group_id": null,
      "match_type": null,
      "match_confidence": null,
      "quantity_g": null,
      "quantity_ml": null,
      "price_per_kg": null,
      "price_per_l": null
    },
    {
      "id": 4563,
      "name": "LIV&BO Кошче\n3 л",
      "store": "Kaufland",
      "price": 12.99,
      "old_price": null,
      "discount_pct": 0,
      "image_url": null,
      "off_barcode": null,
      "group_id": null,
      "match_type": null,
      "match_confidence": null,
      "quantity_g": null,
      "quantity_ml": 3000,
      "price_per_kg": null,
      "price_per_l": 4.33
    },
    {
      "id": 4570,
      "name": "LIV&BO Кутии за съхранение\nразлични видове",
      "store": "Kaufland",
      "price": 6.98,
      "old_price": null,
      "discount_pct": 0,
      "image_url": null,
      "off_barcode": null,
      "group_id": null,
      "match_type": null,
      "match_confidence": null,
      "quantity_g": null,
      "quantity_ml": null,
      "price_per_kg": null,
      "price_per_l": null
    },
    {
      "id": 3719,
      "name": "LIV&BO Кутия за бижута\nза път",
      "store": "Kaufland",
      "price": 8.98,
      "old_price": null,
      "discount_pct": 0,
      "image_url": null,
      "off_barcode": null,
      "group_id": null,
      "match_type": null,
      "match_confidence": null,
      "quantity_g": null,
      "quantity_ml": null,
      "price_per_kg": null,
      "price_per_l": null
    },
    {
      "id": 3718,
      "name": "LIV&BO Кутия за бижута\\nза път",
      "store": "Kaufland",
      "price": 8.98,
      "old_price": null,
      "discount_pct": 0,
      "image_url": null,
      "off_barcode": null,
      "group_id": null,
      "match_type": null,
      "match_confidence": null,
      "quantity_g": null,
      "quantity_ml": null,
      "price_per_kg": null,
      "price_per_l": null
    },
    {
      "id": 3761,
      "name": "LIV&BO Одеяло\n150 x 200 см",
      "store": "Kaufland",
      "price": 11.99,
      "old_price": null,
      "discount_pct": 0,
      "image_url": null,
      "off_barcode": null,
      "group_id": null,
      "match_type": null,
      "match_confidence": null,
      "quantity_g": null,
      "quantity_ml": null,
      "price_per_kg": null,
      "price_per_l": null
    },
    {
      "id": 3760,
      "name": "LIV&BO Одеяло\\n150 x 200 см",
      "store": "Kaufland",
      "price": 8.98,
      "old_price": null,
      "discount_pct": 0,
      "image_url": null,
      "off_barcode": null,
      "group_id": null,
      "match_type": null,
      "match_confidence": null,
      "quantity_g": null,
      "quantity_ml": null,
      "price_per_kg": null,
      "price_per_l": null
    },
    {
      "id": 3784,
      "name": "LIV&BO Пътека\n70 x 150 см или 50 x 180 см",
      "store": "Kaufland",
      "price": 22.98,
      "old_price": null,
      "discount_pct": 0,
      "image_url": null,
      "off_barcode": null,
      "group_id": null,
      "match_type": null,
      "match_confidence": null,
      "quantity_g": null,
      "quantity_ml": null,
      "price_per_kg": null,
      "price_per_l": null
    },
    {
      "id": 3783,
      "name": "LIV&BO Пътека\\n70 x 150 см или 50 x 180 см",
      "store": "Kaufland",
      "price": 22.98,
      "old_price": null,
      "discount_pct": 0,
      "image_url": null,
      "off_barcode": null,
      "group_id": null,
      "match_type": null,
      "match_confidence": null,
      "quantity_g": null,
      "quantity_ml": null,
      "price_per_kg": null,
      "price_per_l": null
    },
    {
      "id": 4564,
      "name": "LIV&BO Ръчен душ",
      "store": "Kaufland",
      "price": 6.98,
      "old_price": null,
      "discount_pct": 0,
      "image_url": null,
      "off_barcode": null,
      "group_id": null,
      "match_type": null,
      "match_confidence": null,
      "quantity_g": null,
      "quantity_ml": null,
      "price_per_kg": null,
      "price_per_l": null
    },
    {
      "id": 3776,
      "name": "LIV&BO Спален комплект",
      "store": "Kaufland",
      "price": 9.99,
      "old_price": null,
      "discount_pct": 0,
      "image_url": null,
      "off_barcode": null,
      "group_id": null,
      "match_type": null,
      "match_confidence": null,
      "quantity_g": null,
      "quantity_ml": null,
      "price_per_kg": null,
      "price_per_l": null
    },
    {
      "id": 3775,
      "name": "LIV&BO Спален комплект\n2 части",
      "store": "Kaufland",
      "price": 9.99,
      "old_price": null,
      "discount_pct": 0,
      "image_url": null,
      "off_barcode": null,
      "group_id": null,
      "match_type": null,
      "match_confidence": null,
      "quantity_g": null,
      "quantity_ml": null,
      "price_per_kg": null,
      "price_per_l": null
    },
    {
      "id": 4445,
      "name": "LIV&BO Спален комплект\n3 части",
      "store": "Kaufland",
      "price": 29.98,
      "old_price": null,
      "discount_pct": 0,
      "image_url": null,
      "off_barcode": null,
      "group_id": null,
      "match_type": null,
      "match_confidence": null,
      "quantity_g": null,
      "quantity_ml": null,
      "price_per_kg": null,
      "price_per_l": null
    },
    {
      "id": 3773,
      "name": "LIV&BO Спален комплект\nсатен",
      "store": "Kaufland",
      "price": 22.98,
      "old_price": null,
      "discount_pct": 0,
      "image_url": null,
      "off_barcode": null,
      "group_id": null,
      "match_type": null,
      "match_confidence": null,
      "quantity_g": null,
      "quantity_ml": null,
      "price_per_kg": null,
      "price_per_l": null
    },
    {
      "id": 3774,
      "name": "LIV&BO Спален комплект\\n2 части",
      "store": "Kaufland",
      "price": 9.99,
      "old_price": null,
      "discount_pct": 0,
      "image_url": null,
      "off_barcode": null,
      "group_id": null,
      "match_type": null,
      "match_confidence": null,
      "quantity_g": null,
      "quantity_ml": null,
      "price_per_kg": null,
      "price_per_l": null
    },
    {
      "id": 3772,
      "name": "LIV&BO Спален комплект\\nсатен",
      "store": "Kaufland",
      "price": 149.89,
      "old_price": null,
      "discount_pct": 0,
      "image_url": null,
      "off_barcode": null,
      "group_id": null,
      "match_type": null,
      "match_confidence": null,
      "quantity_g": null,
      "quantity_ml": null,
      "price_per_kg": null,
      "price_per_l": null
    },
    {
      "id": 3763,
      "name": "LIV&BO Чаршаф с ластик\n140-160 x 200 см",
      "store": "Kaufland",
      "price": 13.98,
      "old_price": null,
      "discount_pct": 0,
      "image_url": null,
      "off_barcode": null,
      "group_id": null,
      "match_type": null,
      "match_confidence": null,
      "quantity_g": null,
      "quantity_ml": null,
      "price_per_kg": null,
      "price_per_l": null
    },
    {
      "id": 3765,
      "name": "LIV&BO Чаршаф с ластик\n180-200 x 200 см",
      "store": "Kaufland",
      "price": 16.98,
      "old_price": null,
      "discount_pct": 0,
      "image_url": null,
      "off_barcode": null,
      "group_id": null,
      "match_type": null,
      "match_confidence": null,
      "quantity_g": null,
      "quantity_ml": null,
      "price_per_kg": null,
      "price_per_l": null
    },
    {
      "id": 3767,
      "name": "LIV&BO Чаршаф с ластик\n90-100 x 200 см",
      "store": "Kaufland",
      "price": 9.99,
      "old_price": null,
      "discount_pct": 0,
      "image_url": null,
      "off_barcode": null,
      "group_id": null,
      "match_type": null,
      "match_confidence": null,
      "quantity_g": null,
      "quantity_ml": null,
      "price_per_kg": null,
      "price_per_l": null
    },
    {
      "id": 3762,
      "name": "LIV&BO Чаршаф с ластик\\n140-160 x 200 см",
      "store": "Kaufland",
      "price": 11.99,
      "old_price": null,
      "discount_pct": 0,
      "image_url": null,
      "off_barcode": null,
      "group_id": null,
      "match_type": null,
      "match_confidence": null,
      "quantity_g": null,
      "quantity_ml": null,
      "price_per_kg": null,
      "price_per_l": null
    },
    {
      "id": 3764,
      "name": "LIV&BO Чаршаф с ластик\\n180-200 x 200 см",
      "store": "Kaufland",
      "price": 13.98,
      "old_price": null,
      "discount_pct": 0,
      "image_url": null,
      "off_barcode": null,
      "group_id": null,
      "match_type": null,
      "match_confidence": null,
      "quantity_g": null,
      "quantity_ml": null,
      "price_per_kg": null,
      "price_per_l": null
    },
    {
      "id": 3766,
      "name": "LIV&BO Чаршаф с ластик\\n90-100 x 200 см",
      "store": "Kaufland",
      "price": 16.98,
      "old_price": null,
      "discount_pct": 0,
      "image_url": null,
      "off_barcode": null,
      "group_id": null,
      "match_type": null,
      "match_confidence": null,
      "quantity_g": null,
      "quantity_ml": null,
      "price_per_kg": null,
      "price_per_l": null
    },
    {
      "id": 3738,
      "name": "LUIGI FERRERO Чаша за капучино Coffeina\n350 мл",
      "store": "Kaufland",
      "price": 9.99,
      "old_price": null,
      "discount_pct": 0,
      "image_url": null,
      "off_barcode": null,
      "group_id": null,
      "match_type": null,
      "match_confidence": null,
      "quantity_g": null,
      "quantity_ml": 350,
      "price_per_kg": null,
      "price_per_l": 28.54
    },
    {
      "id": 3737,
      "name": "LUIGI FERRERO Чаша за капучино Coffeina\\n350 мл",
      "store": "Kaufland",
      "price": 4.99,
      "old_price": null,
      "discount_pct": 0,
      "image_url": null,
      "off_barcode": null,
      "group_id": null,
      "match_type": null,
      "match_confidence": null,
      "quantity_g": null,
      "quantity_ml": 350,
      "price_per_kg": null,
      "price_per_l": 14.26
    },
    {
      "id": 1300,
      "name": "La Rive",
      "store": "Kaufland",
      "price": 6.64,
      "old_price": null,
      "discount_pct": 0,
      "image_url": null,
      "off_barcode": null,
      "group_id": null,
      "match_type": null,
      "match_confidence": null,
      "quantity_g": null,
      "quantity_ml": null,
      "price_per_kg": null,
      "price_per_l": null
    },
    {
      "id": 381,
      "name": "La Rive Парфюмна вода\nразлични аромати",
      "store": "Kaufland",
      "price": 12.99,
      "old_price": null,
      "discount_pct": 0,
      "image_url": null,
      "off_barcode": null,
      "group_id": null,
      "match_type": null,
      "match_confidence": null,
      "quantity_g": null,
      "quantity_ml": null,
      "price_per_kg": null,
      "price_per_l": null
    },
    {
      "id": 4397,
      "name": "La Rive Парфюмна или Тоалетна вода\nразлични аромати",
      "store": "Kaufland",
      "price": 12.99,
      "old_price": null,
      "discount_pct": 0,
      "image_url": null,
      "off_barcode": null,
      "group_id": null,
      "match_type": null,
      "match_confidence": null,
      "quantity_g": null,
      "quantity_ml": null,
      "price_per_kg": null,
      "price_per_l": null
    },
    {
      "id": 5816,
      "name": "Lacalut Aktiv Промопакет",
      "store": "Lidl",
      "price": 3.06,
      "old_price": null,
      "discount_pct": 0,
      "image_url": null,
      "off_barcode": null,
      "group_id": null,
      "match_type": null,
      "match_confidence": null,
      "quantity_g": null,
      "quantity_ml": null,
      "price_per_kg": null,
      "price_per_l": null
    },
    {
      "id": 3889,
      "name": "Laica Филтър за\nбутилка Fast Disk",
      "store": "Kaufland",
      "price": 15.98,
      "old_price": null,
      "discount_pct": 0,
      "image_url": null,
      "off_barcode": null,
      "group_id": null,
      "match_type": null,
      "match_confidence": null,
      "quantity_g": null,
      "quantity_ml": null,
      "price_per_kg": null,
      "price_per_l": null
    },
    {
      "id": 1314,
      "name": "Lenor",
      "store": "Kaufland",
      "price": 8.68,
      "old_price": null,
      "discount_pct": 0,
      "image_url": null,
      "off_barcode": null,
      "group_id": null,
      "match_type": null,
      "match_confidence": null,
      "quantity_g": null,
      "quantity_ml": null,
      "price_per_kg": null,
      "price_per_l": null
    },
    {
      "id": 395,
      "name": "Lenor Омекотител\nразлични видове",
      "store": "Kaufland",
      "price": 16.98,
      "old_price": null,
      "discount_pct": 0,
      "image_url": null,
      "off_barcode": null,
      "group_id": null,
      "match_type": null,
      "match_confidence": null,
      "quantity_g": null,
      "quantity_ml": null,
      "price_per_kg": null,
      "price_per_l": null
    },
    {
      "id": 3809,
      "name": "Liv&Bo Дигитален кантар\nдо 180 кг",
      "store": "Kaufland",
      "price": 17.99,
      "old_price": null,
      "discount_pct": 0,
      "image_url": null,
      "off_barcode": null,
      "group_id": null,
      "match_type": null,
      "match_confidence": null,
      "quantity_g": 180000,
      "quantity_ml": null,
      "price_per_kg": 0.1,
      "price_per_l": null
    },
    {
      "id": 3810,
      "name": "Liv&Bo Дигитален кантар\\nдо 180 кг",
      "store": "Kaufland",
      "price": 15.98,
      "old_price": null,
      "discount_pct": 0,
      "image_url": null,
      "off_barcode": null,
      "group_id": null,
      "match_type": null,
      "match_confidence": null,
      "quantity_g": 180000,
      "quantity_ml": null,
      "price_per_kg": 0.09,
      "price_per_l": null
    },
    {
      "id": 3806,
      "name": "Liv&Bo Душ слушалка\nразлични видове",
      "store": "Kaufland",
      "price": 10.99,
      "old_price": null,
      "discount_pct": 0,
      "image_url": null,
      "off_barcode": null,
      "group_id": null,
      "match_type": null,
      "match_confidence": null,
      "quantity_g": null,
      "quantity_ml": null,
      "price_per_kg": null,
      "price_per_l": null
    },
    {
      "id": 3805,
      "name": "Liv&Bo Душ слушалка\\nразлични видове",
      "store": "Kaufland",
      "price": 56.99,
      "old_price": null,
      "discount_pct": 0,
      "image_url": null,
      "off_barcode": null,
      "group_id": null,
      "match_type": null,
      "match_confidence": null,
      "quantity_g": null,
      "quantity_ml": null,
      "price_per_kg": null,
      "price_per_l": null
    },
    {
      "id": 502,
      "name": "Liv&Bo Електрически дозатор\nза сапун",
      "store": "Kaufland",
      "price": 15.98,
      "old_price": null,
      "discount_pct": 0,
      "image_url": null,
      "off_barcode": null,
      "group_id": null,
      "match_type": null,
      "match_confidence": null,
      "quantity_g": null,
      "quantity_ml": null,
      "price_per_kg": null,
      "price_per_l": null
    },
    {
      "id": 4569,
      "name": "Liv&Bo Етажерка на колелца",
      "store": "Kaufland",
      "price": 19.99,
      "old_price": null,
      "discount_pct": 0,
      "image_url": null,
      "off_barcode": null,
      "group_id": null,
      "match_type": null,
      "match_confidence": null,
      "quantity_g": null,
      "quantity_ml": null,
      "price_per_kg": null,
      "price_per_l": null
    },
    {
      "id": 3736,
      "name": "Liv&Bo Изтривалка\nразлични видове",
      "store": "Kaufland",
      "price": 4.99,
      "old_price": null,
      "discount_pct": 0,
      "image_url": null,
      "off_barcode": null,
      "group_id": null,
      "match_type": null,
      "match_confidence": null,
      "quantity_g": null,
      "quantity_ml": null,
      "price_per_kg": null,
      "price_per_l": null
    },
    {
      "id": 4565,
      "name": "Liv&Bo Перо за подсушаване на баня\nразлични цветове",
      "store": "Kaufland",
      "price": 1.99,
      "old_price": null,
      "discount_pct": 0,
      "image_url": null,
      "off_barcode": null,
      "group_id": null,
      "match_type": null,
      "match_confidence": null,
      "quantity_g": null,
      "quantity_ml": null,
      "price_per_kg": null,
      "price_per_l": null
    },
    {
      "id": 3801,
      "name": "Liv&Bo Седалка за тоалетна чиния\nразлични видове",
      "store": "Kaufland",
      "price": 22.98,
      "old_price": null,
      "discount_pct": 0,
      "image_url": null,
      "off_barcode": null,
      "group_id": null,
      "match_type": null,
      "match_confidence": null,
      "quantity_g": null,
      "quantity_ml": null,
      "price_per_kg": null,
      "price_per_l": null
    },
    {
      "id": 3800,
      "name": "Liv&Bo Седалка за тоалетна чиния\\nразлични видове",
      "store": "Kaufland",
      "price": 7.49,
      "old_price": null,
      "discount_pct": 0,
      "image_url": null,
      "off_barcode": null,
      "group_id": null,
      "match_type": null,
      "match_confidence": null,
      "quantity_g": null,
      "quantity_ml": null,
      "price_per_kg": null,
      "price_per_l": null
    },
    {
      "id": 3769,
      "name": "Liv&Bo Скрин\n40 x 78 x 48 см",
      "store": "Kaufland",
      "price": 89.99,
      "old_price": null,
      "discount_pct": 0,
      "image_url": null,
      "off_barcode": null,
      "group_id": null,
      "match_type": null,
      "match_confidence": null,
      "quantity_g": null,
      "quantity_ml": null,
      "price_per_kg": null,
      "price_per_l": null
    },
    {
      "id": 3770,
      "name": "Liv&Bo Скрин с 3 чекмеджета\n80 x 78 x 48 см",
      "store": "Kaufland",
      "price": 129.89,
      "old_price": null,
      "discount_pct": 0,
      "image_url": null,
      "off_barcode": null,
      "group_id": null,
      "match_type": null,
      "match_confidence": null,
      "quantity_g": null,
      "quantity_ml": null,
      "price_per_kg": null,
      "price_per_l": null
    },
    {
      "id": 3771,
      "name": "Liv&Bo Скрин с 4 чекмеджета\n80 x 101,5 x 48 см",
      "store": "Kaufland",
      "price": 149.89,
      "old_price": null,
      "discount_pct": 0,
      "image_url": null,
      "off_barcode": null,
      "group_id": null,
      "match_type": null,
      "match_confidence": null,
      "quantity_g": null,
      "quantity_ml": null,
      "price_per_kg": null,
      "price_per_l": null
    },
    {
      "id": 3768,
      "name": "Liv&Bo Скрин\\n40 x 78 x 48 см",
      "store": "Kaufland",
      "price": 9.99,
      "old_price": null,
      "discount_pct": 0,
      "image_url": null,
      "off_barcode": null,
      "group_id": null,
      "match_type": null,
      "match_confidence": null,
      "quantity_g": null,
      "quantity_ml": null,
      "price_per_kg": null,
      "price_per_l": null
    },
    {
      "id": 3803,
      "name": "Liv&Bo Смесител за душ или вана",
      "store": "Kaufland",
      "price": 56.99,
      "old_price": null,
      "discount_pct": 0,
      "image_url": null,
      "off_barcode": null,
      "group_id": null,
      "match_type": null,
      "match_confidence": null,
      "quantity_g": null,
      "quantity_ml": null,
      "price_per_kg": null,
      "price_per_l": null
    },
    {
      "id": 5996,
      "name": "Livarno Home Кухненски помощник",
      "store": "Lidl",
      "price": 3.06,
      "old_price": null,
      "discount_pct": 0,
      "image_url": null,
      "off_barcode": null,
      "group_id": null,
      "match_type": null,
      "match_confidence": null,
      "quantity_g": null,
      "quantity_ml": null,
      "price_per_kg": null,
      "price_per_l": null
    },
    {
      "id": 6029,
      "name": "Livarno LED aроматизиращ дифузер",
      "store": "Lidl",
      "price": 12.27,
      "old_price": null,
      "discount_pct": 0,
      "image_url": null,
      "off_barcode": null,
      "group_id": null,
      "match_type": null,
      "match_confidence": null,
      "quantity_g": null,
      "quantity_ml": null,
      "price_per_kg": null,
      "price_per_l": null
    },
    {
      "id": 6016,
      "name": "Livarno LED рамка за снимки",
      "store": "Lidl",
      "price": 5.11,
      "old_price": null,
      "discount_pct": 0,
      "image_url": null,
      "off_barcode": null,
      "group_id": null,
      "match_type": null,
      "match_confidence": null,
      "quantity_g": null,
      "quantity_ml": null,
      "price_per_kg": null,
      "price_per_l": null
    },
    {
      "id": 6018,
      "name": "Livarno Ароматна свещ",
      "store": "Lidl",
      "price": 3.06,
      "old_price": null,
      "discount_pct": 0,
      "image_url": null,
      "off_barcode": null,
      "group_id": null,
      "match_type": null,
      "match_confidence": null,
      "quantity_g": null,
      "quantity_ml": null,
      "price_per_kg": null,
      "price_per_l": null
    },
    {
      "id": 6017,
      "name": "Livarno Декоративна възглавница",
      "store": "Lidl",
      "price": 6.64,
      "old_price": null,
      "discount_pct": 0,
      "image_url": null,
      "off_barcode": null,
      "group_id": null,
      "match_type": null,
      "match_confidence": null,
      "quantity_g": null,
      "quantity_ml": null,
      "price_per_kg": null,
      "price_per_l": null
    },
    {
      "id": 6022,
      "name": "Livarno Детска маса със столчета",
      "store": "Lidl",
      "price": 35.78,
      "old_price": null,
      "discount_pct": 0,
      "image_url": null,
      "off_barcode": null,
      "group_id": null,
      "match_type": null,
      "match_confidence": null,
      "quantity_g": null,
      "quantity_ml": null,
      "price_per_kg": null,
      "price_per_l": null
    },
    {
      "id": 6021,
      "name": "Livarno Детска ракла",
      "store": "Lidl",
      "price": 10.22,
      "old_price": null,
      "discount_pct": 0,
      "image_url": null,
      "off_barcode": null,
      "group_id": null,
      "match_type": null,
      "match_confidence": null,
      "quantity_g": null,
      "quantity_ml": null,
      "price_per_kg": null,
      "price_per_l": null
    },
    {
      "id": 570,
      "name": "Livarno Детска стенна етажерка",
      "store": "Lidl",
      "price": 10.22,
      "old_price": null,
      "discount_pct": 0,
      "image_url": null,
      "off_barcode": null,
      "group_id": null,
      "match_type": null,
      "match_confidence": null,
      "quantity_g": null,
      "quantity_ml": null,
      "price_per_kg": null,
      "price_per_l": null
    },
    {
      "id": 6027,
      "name": "Livarno Душ слушалка",
      "store": "Lidl",
      "price": 3.57,
      "old_price": null,
      "discount_pct": 0,
      "image_url": null,
      "off_barcode": null,
      "group_id": null,
      "match_type": null,
      "match_confidence": null,
      "quantity_g": null,
      "quantity_ml": null,
      "price_per_kg": null,
      "price_per_l": null
    },
    {
      "id": 6023,
      "name": "Livarno Килим за игра",
      "store": "Lidl",
      "price": 7.66,
      "old_price": null,
      "discount_pct": 0,
      "image_url": null,
      "off_barcode": null,
      "group_id": null,
      "match_type": null,
      "match_confidence": null,
      "quantity_g": null,
      "quantity_ml": null,
      "price_per_kg": null,
      "price_per_l": null
    },
    {
      "id": 6020,
      "name": "Livarno Мече или сърце от декоративни рози",
      "store": "Lidl",
      "price": 8.18,
      "old_price": null,
      "discount_pct": 0,
      "image_url": null,
      "off_barcode": null,
      "group_id": null,
      "match_type": null,
      "match_confidence": null,
      "quantity_g": null,
      "quantity_ml": null,
      "price_per_kg": null,
      "price_per_l": null
    },
    {
      "id": 6015,
      "name": "Livarno Одеяло",
      "store": "Lidl",
      "price": 5.11,
      "old_price": null,
      "discount_pct": 0,
      "image_url": null,
      "off_barcode": null,
      "group_id": null,
      "match_type": null,
      "match_confidence": null,
      "quantity_g": null,
      "quantity_ml": null,
      "price_per_kg": null,
      "price_per_l": null
    },
    {
      "id": 6033,
      "name": "Livarno Постелка за баня",
      "store": "Lidl",
      "price": 3.57,
      "old_price": null,
      "discount_pct": 0,
      "image_url": null,
      "off_barcode": null,
      "group_id": null,
      "match_type": null,
      "match_confidence": null,
      "quantity_g": null,
      "quantity_ml": null,
      "price_per_kg": null,
      "price_per_l": null
    },
    {
      "id": 6013,
      "name": "Livarno Спален комплект",
      "store": "Lidl",
      "price": 10.22,
      "old_price": null,
      "discount_pct": 0,
      "image_url": null,
      "off_barcode": null,
      "group_id": null,
      "match_type": null,
      "match_confidence": null,
      "quantity_g": null,
      "quantity_ml": null,
      "price_per_kg": null,
      "price_per_l": null
    },
    {
      "id": 6034,
      "name": "Livarno Хавлиена кърпа",
      "store": "Lidl",
      "price": 6.64,
      "old_price": null,
      "discount_pct": 0,
      "image_url": null,
      "off_barcode": null,
      "group_id": null,
      "match_type": null,
      "match_confidence": null,
      "quantity_g": null,
      "quantity_ml": null,
      "price_per_kg": null,
      "price_per_l": null
    },
    {
      "id": 6035,
      "name": "Livarno Хавлиени кърпи",
      "store": "Lidl",
      "price": 7.15,
      "old_price": null,
      "discount_pct": 0,
      "image_url": null,
      "off_barcode": null,
      "group_id": null,
      "match_type": null,
      "match_confidence": null,
      "quantity_g": null,
      "quantity_ml": null,
      "price_per_kg": null,
      "price_per_l": null
    },
    {
      "id": 4715,
      "name": "Luminarc Купа\nØ11 см",
      "store": "Kaufland",
      "price": 2.68,
      "old_price": null,
      "discount_pct": 0,
      "image_url": null,
      "off_barcode": null,
      "group_id": null,
      "match_type": null,
      "match_confidence": null,
      "quantity_g": null,
      "quantity_ml": null,
      "price_per_kg": null,
      "price_per_l": null
    },
    {
      "id": 3743,
      "name": "Luminarc Сервиз за хранене Plumy",
      "store": "Kaufland",
      "price": 29.98,
      "old_price": null,
      "discount_pct": 0,
      "image_url": null,
      "off_barcode": null,
      "group_id": null,
      "match_type": null,
      "match_confidence": null,
      "quantity_g": null,
      "quantity_ml": null,
      "price_per_kg": null,
      "price_per_l": null
    },
    {
      "id": 6046,
      "name": "Lupilu® Бикини, слипове или боксери",
      "store": "Lidl",
      "price": 4.09,
      "old_price": null,
      "discount_pct": 0,
      "image_url": null,
      "off_barcode": null,
      "group_id": null,
      "match_type": null,
      "match_confidence": null,
      "quantity_g": null,
      "quantity_ml": null,
      "price_per_kg": null,
      "price_per_l": null
    },
    {
      "id": 6044,
      "name": "Lupilu® Детски комплект",
      "store": "Lidl",
      "price": 9.71,
      "old_price": null,
      "discount_pct": 0,
      "image_url": null,
      "off_barcode": null,
      "group_id": null,
      "match_type": null,
      "match_confidence": null,
      "quantity_g": null,
      "quantity_ml": null,
      "price_per_kg": null,
      "price_per_l": null
    },
    {
      "id": 6045,
      "name": "Lupilu® Потници",
      "store": "Lidl",
      "price": 4.09,
      "old_price": null,
      "discount_pct": 0,
      "image_url": null,
      "off_barcode": null,
      "group_id": null,
      "match_type": null,
      "match_confidence": null,
      "quantity_g": null,
      "quantity_ml": null,
      "price_per_kg": null,
      "price_per_l": null
    },
    {
      "id": 6049,
      "name": "Lupilu® Спортен панталон",
      "store": "Lidl",
      "price": 4.09,
      "old_price": null,
      "discount_pct": 0,
      "image_url": null,
      "off_barcode": null,
      "group_id": null,
      "match_type": null,
      "match_confidence": null,
      "quantity_g": null,
      "quantity_ml": null,
      "price_per_kg": null,
      "price_per_l": null
    },
    {
      "id": 6048,
      "name": "Lupilu® Суитшърт",
      "store": "Lidl",
      "price": 4.09,
      "old_price": null,
      "discount_pct": 0,
      "image_url": null,
      "off_barcode": null,
      "group_id": null,
      "match_type": null,
      "match_confidence": null,
      "quantity_g": null,
      "quantity_ml": null,
      "price_per_kg": null,
      "price_per_l": null
    },
    {
      "id": 6043,
      "name": "Lupilu® Термоблузи",
      "store": "Lidl",
      "price": 7.66,
      "old_price": null,
      "discount_pct": 0,
      "image_url": null,
      "off_barcode": null,
      "group_id": null,
      "match_type": null,
      "match_confidence": null,
      "quantity_g": null,
      "quantity_ml": null,
      "price_per_kg": null,
      "price_per_l": null
    },
    {
      "id": 6047,
      "name": "Lupilu® Термоджегингс",
      "store": "Lidl",
      "price": 5.11,
      "old_price": null,
      "discount_pct": 0,
      "image_url": null,
      "off_barcode": null,
      "group_id": null,
      "match_type": null,
      "match_confidence": null,
      "quantity_g": null,
      "quantity_ml": null,
      "price_per_kg": null,
      "price_per_l": null
    },
    {
      "id": 6040,
      "name": "Lupilu® Термоклин",
      "store": "Lidl",
      "price": 6.13,
      "old_price": null,
      "discount_pct": 0,
      "image_url": null,
      "off_barcode": null,
      "group_id": null,
      "match_type": null,
      "match_confidence": null,
      "quantity_g": null,
      "quantity_ml": null,
      "price_per_kg": null,
      "price_per_l": null
    },
    {
      "id": 6039,
      "name": "Lupilu® Уоки-токи",
      "store": "Lidl",
      "price": 21.98,
      "old_price": null,
      "discount_pct": 0,
      "image_url": null,
      "off_barcode": null,
      "group_id": null,
      "match_type": null,
      "match_confidence": null,
      "quantity_g": null,
      "quantity_ml": null,
      "price_per_kg": null,
      "price_per_l": null
    },
    {
      "id": 6042,
      "name": "Lupilu® Чорапи",
      "store": "Lidl",
      "price": 3.57,
      "old_price": null,
      "discount_pct": 0,
      "image_url": null,
      "off_barcode": null,
      "group_id": null,
      "match_type": null,
      "match_confidence": null,
      "quantity_g": null,
      "quantity_ml": null,
      "price_per_kg": null,
      "price_per_l": null
    },
    {
      "id": 4074,
      "name": "MEDIX WC блокче\nразлични видове",
      "store": "Kaufland",
      "price": 5.48,
      "old_price": null,
      "discount_pct": 0,
      "image_url": null,
      "off_barcode": null,
      "group_id": null,
      "match_type": null,
      "match_confidence": null,
      "quantity_g": null,
      "quantity_ml": null,
      "price_per_kg": null,
      "price_per_l": null
    },
    {
      "id": 1085,
      "name": "MEGGLE",
      "store": "Kaufland",
      "price": 6.64,
      "old_price": null,
      "discount_pct": 0,
      "image_url": null,
      "off_barcode": null,
      "group_id": null,
      "match_type": null,
      "match_confidence": null,
      "quantity_g": null,
      "quantity_ml": null,
      "price_per_kg": null,
      "price_per_l": null
    },
    {
      "id": 167,
      "name": "MEGGLE Крем за мазане\nот свежата витрина",
      "store": "Kaufland",
      "price": 12.99,
      "old_price": null,
      "discount_pct": 0,
      "image_url": null,
      "off_barcode": null,
      "group_id": null,
      "match_type": null,
      "match_confidence": null,
      "quantity_g": null,
      "quantity_ml": null,
      "price_per_kg": null,
      "price_per_l": null
    },
    {
      "id": 3317,
      "name": "MEGGLE Сирене котидж",
      "store": "Kaufland",
      "price": 2.52,
      "old_price": null,
      "discount_pct": 0,
      "image_url": null,
      "off_barcode": null,
      "group_id": null,
      "match_type": null,
      "match_confidence": null,
      "quantity_g": null,
      "quantity_ml": null,
      "price_per_kg": null,
      "price_per_l": null
    },
    {
      "id": 1477,
      "name": "MILDE",
      "store": "Kaufland",
      "price": 14.82,
      "old_price": null,
      "discount_pct": 0,
      "image_url": null,
      "off_barcode": null,
      "group_id": null,
      "match_type": null,
      "match_confidence": null,
      "quantity_g": null,
      "quantity_ml": null,
      "price_per_kg": null,
      "price_per_l": null
    },
    {
      "id": 559,
      "name": "MILDE Тоалетна хартия Relax Purple\nтрипластова",
      "store": "Kaufland",
      "price": 28.99,
      "old_price": null,
      "discount_pct": 0,
      "image_url": null,
      "off_barcode": null,
      "group_id": null,
      "match_type": null,
      "match_confidence": null,
      "quantity_g": null,
      "quantity_ml": null,
      "price_per_kg": null,
      "price_per_l": null
    },
    {
      "id": 3595,
      "name": "Maliva Тоалетна хартия\nпромопакет",
      "store": "Kaufland",
      "price": 18.99,
      "old_price": null,
      "discount_pct": 0,
      "image_url": null,
      "off_barcode": null,
      "group_id": null,
      "match_type": null,
      "match_confidence": null,
      "quantity_g": null,
      "quantity_ml": null,
      "price_per_kg": null,
      "price_per_l": null
    },
    {
      "id": 3823,
      "name": "Maxxmee Смесител за топла и студена\nвода",
      "store": "Kaufland",
      "price": 89.99,
      "old_price": null,
      "discount_pct": 0,
      "image_url": null,
      "off_barcode": null,
      "group_id": null,
      "match_type": null,
      "match_confidence": null,
      "quantity_g": null,
      "quantity_ml": null,
      "price_per_kg": null,
      "price_per_l": null
    },
    {
      "id": 5982,
      "name": "Medix Alvina Препарат за пране 2 в 1",
      "store": "Lidl",
      "price": 8.94,
      "old_price": null,
      "discount_pct": 0,
      "image_url": null,
      "off_barcode": null,
      "group_id": null,
      "match_type": null,
      "match_confidence": null,
      "quantity_g": null,
      "quantity_ml": null,
      "price_per_kg": null,
      "price_per_l": null
    },
    {
      "id": 1367,
      "name": "Medix Glass",
      "store": "Kaufland",
      "price": 1.53,
      "old_price": null,
      "discount_pct": 0,
      "image_url": null,
      "off_barcode": null,
      "group_id": null,
      "match_type": null,
      "match_confidence": null,
      "quantity_g": null,
      "quantity_ml": null,
      "price_per_kg": null,
      "price_per_l": null
    },
    {
      "id": 4514,
      "name": "Medix Glass Почистващ препарат за стъкла\nразлични видове",
      "store": "Kaufland",
      "price": 2.99,
      "old_price": null,
      "discount_pct": 0,
      "image_url": null,
      "off_barcode": null,
      "group_id": null,
      "match_type": null,
      "match_confidence": null,
      "quantity_g": null,
      "quantity_ml": null,
      "price_per_kg": null,
      "price_per_l": null
    },
    {
      "id": 4073,
      "name": "Medix WC блокче\nTotal Power Guard",
      "store": "Kaufland",
      "price": 5.48,
      "old_price": null,
      "discount_pct": 0,
      "image_url": null,
      "off_barcode": null,
      "group_id": null,
      "match_type": null,
      "match_confidence": null,
      "quantity_g": null,
      "quantity_ml": null,
      "price_per_kg": null,
      "price_per_l": null
    },
    {
      "id": 4439,
      "name": "Medix WC гел Total Power Guard\nразлични видове",
      "store": "Kaufland",
      "price": 2.99,
      "old_price": null,
      "discount_pct": 0,
      "image_url": null,
      "off_barcode": null,
      "group_id": null,
      "match_type": null,
      "match_confidence": null,
      "quantity_g": null,
      "quantity_ml": null,
      "price_per_kg": null,
      "price_per_l": null
    },
    {
      "id": 5986,
      "name": "Medix Ароматизатор за тоалетна",
      "store": "Lidl",
      "price": 4.29,
      "old_price": null,
      "discount_pct": 0,
      "image_url": null,
      "off_barcode": null,
      "group_id": null,
      "match_type": null,
      "match_confidence": null,
      "quantity_g": null,
      "quantity_ml": null,
      "price_per_kg": null,
      "price_per_l": null
    },
    {
      "id": 449,
      "name": "Medix Препарат за съдове\nMax Power",
      "store": "Kaufland",
      "price": 1.68,
      "old_price": null,
      "discount_pct": 0,
      "image_url": null,
      "off_barcode": null,
      "group_id": null,
      "match_type": null,
      "match_confidence": null,
      "quantity_g": null,
      "quantity_ml": null,
      "price_per_kg": null,
      "price_per_l": null
    },
    {
      "id": 4061,
      "name": "Medix Препарат за съдове Classic\nразлични видове",
      "store": "Kaufland",
      "price": 1.29,
      "old_price": null,
      "discount_pct": 0,
      "image_url": null,
      "off_barcode": null,
      "group_id": null,
      "match_type": null,
      "match_confidence": null,
      "quantity_g": null,
      "quantity_ml": null,
      "price_per_kg": null,
      "price_per_l": null
    },
    {
      "id": 1257,
      "name": "Midalidare Nota Bene",
      "store": "Kaufland",
      "price": 8.68,
      "old_price": null,
      "discount_pct": 0,
      "image_url": null,
      "off_barcode": null,
      "group_id": null,
      "match_type": null,
      "match_confidence": null,
      "quantity_g": null,
      "quantity_ml": null,
      "price_per_kg": null,
      "price_per_l": null
    },
    {
      "id": 4364,
      "name": "Midalidare Nota Bene Червено вино",
      "store": "Kaufland",
      "price": 16.98,
      "old_price": null,
      "discount_pct": 0,
      "image_url": null,
      "off_barcode": null,
      "group_id": null,
      "match_type": null,
      "match_confidence": null,
      "quantity_g": null,
      "quantity_ml": null,
      "price_per_kg": null,
      "price_per_l": null
    },
    {
      "id": 2780,
      "name": "Milka Донат | LIDL",
      "store": "Lidl",
      "price": 1.23,
      "old_price": null,
      "discount_pct": 0,
      "image_url": null,
      "off_barcode": null,
      "group_id": null,
      "match_type": null,
      "match_confidence": null,
      "quantity_g": null,
      "quantity_ml": null,
      "price_per_kg": null,
      "price_per_l": null
    },
    {
      "id": 2828,
      "name": "Milka Мъфин | LIDL",
      "store": "Lidl",
      "price": 1.19,
      "old_price": null,
      "discount_pct": 0,
      "image_url": null,
      "off_barcode": null,
      "group_id": null,
      "match_type": null,
      "match_confidence": null,
      "quantity_g": null,
      "quantity_ml": null,
      "price_per_kg": null,
      "price_per_l": null
    },
    {
      "id": 3302,
      "name": "Mlekpol Моцарела твърда\nот свежата витрина",
      "store": "Kaufland",
      "price": 15.98,
      "old_price": null,
      "discount_pct": 0,
      "image_url": null,
      "off_barcode": null,
      "group_id": null,
      "match_type": null,
      "match_confidence": null,
      "quantity_g": null,
      "quantity_ml": null,
      "price_per_kg": null,
      "price_per_l": null
    },
    {
      "id": 3307,
      "name": "Mlekpol Пушена гауда\nот свежата витрина",
      "store": "Kaufland",
      "price": 18.99,
      "old_price": null,
      "discount_pct": 0,
      "image_url": null,
      "off_barcode": null,
      "group_id": null,
      "match_type": null,
      "match_confidence": null,
      "quantity_g": null,
      "quantity_ml": null,
      "price_per_kg": null,
      "price_per_l": null
    },
    {
      "id": 5856,
      "name": "Monster Енергийна напитка",
      "store": "Lidl",
      "price": 1.02,
      "old_price": null,
      "discount_pct": 0,
      "image_url": null,
      "off_barcode": null,
      "group_id": null,
      "match_type": null,
      "match_confidence": null,
      "quantity_g": null,
      "quantity_ml": null,
      "price_per_kg": null,
      "price_per_l": null
    },
    {
      "id": 3811,
      "name": "Muhler Кош за отпадъци",
      "store": "Kaufland",
      "price": 11.99,
      "old_price": null,
      "discount_pct": 0,
      "image_url": null,
      "off_barcode": null,
      "group_id": null,
      "match_type": null,
      "match_confidence": null,
      "quantity_g": null,
      "quantity_ml": null,
      "price_per_kg": null,
      "price_per_l": null
    },
    {
      "id": 3732,
      "name": "Muhler Сгъваема табуретка",
      "store": "Kaufland",
      "price": 16.98,
      "old_price": null,
      "discount_pct": 0,
      "image_url": null,
      "off_barcode": null,
      "group_id": null,
      "match_type": null,
      "match_confidence": null,
      "quantity_g": null,
      "quantity_ml": null,
      "price_per_kg": null,
      "price_per_l": null
    },
    {
      "id": 5809,
      "name": "My Day Прясно мляко",
      "store": "Lidl",
      "price": 1.99,
      "old_price": null,
      "discount_pct": 0,
      "image_url": null,
      "off_barcode": null,
      "group_id": null,
      "match_type": null,
      "match_confidence": null,
      "quantity_g": null,
      "quantity_ml": null,
      "price_per_kg": null,
      "price_per_l": null
    },
    {
      "id": 1412,
      "name": "NEO",
      "store": "Kaufland",
      "price": 6.13,
      "old_price": null,
      "discount_pct": 0,
      "image_url": null,
      "off_barcode": null,
      "group_id": null,
      "match_type": null,
      "match_confidence": null,
      "quantity_g": null,
      "quantity_ml": null,
      "price_per_kg": null,
      "price_per_l": null
    },
    {
      "id": 4555,
      "name": "NEO Пасатор HB-250",
      "store": "Kaufland",
      "price": 11.99,
      "old_price": null,
      "discount_pct": 0,
      "image_url": null,
      "off_barcode": null,
      "group_id": null,
      "match_type": null,
      "match_confidence": null,
      "quantity_g": null,
      "quantity_ml": null,
      "price_per_kg": null,
      "price_per_l": null
    },
    {
      "id": 3849,
      "name": "NEWCENTIAL Блуза\nS - XL",
      "store": "Kaufland",
      "price": 13.98,
      "old_price": null,
      "discount_pct": 0,
      "image_url": null,
      "off_barcode": null,
      "group_id": null,
      "match_type": null,
      "match_confidence": null,
      "quantity_g": null,
      "quantity_ml": null,
      "price_per_kg": null,
      "price_per_l": null
    },
    {
      "id": 3852,
      "name": "NEWCENTIAL Клин\nS - L",
      "store": "Kaufland",
      "price": 12.99,
      "old_price": null,
      "discount_pct": 0,
      "image_url": null,
      "off_barcode": null,
      "group_id": null,
      "match_type": null,
      "match_confidence": null,
      "quantity_g": null,
      "quantity_ml": null,
      "price_per_kg": null,
      "price_per_l": null
    },
    {
      "id": 3851,
      "name": "NEWCENTIAL Клин\\nS - L",
      "store": "Kaufland",
      "price": 13.98,
      "old_price": null,
      "discount_pct": 0,
      "image_url": null,
      "off_barcode": null,
      "group_id": null,
      "match_type": null,
      "match_confidence": null,
      "quantity_g": null,
      "quantity_ml": null,
      "price_per_kg": null,
      "price_per_l": null
    },
    {
      "id": 3854,
      "name": "NEWCENTIAL Яке\nхибридно",
      "store": "Kaufland",
      "price": 29.98,
      "old_price": null,
      "discount_pct": 0,
      "image_url": null,
      "off_barcode": null,
      "group_id": null,
      "match_type": null,
      "match_confidence": null,
      "quantity_g": null,
      "quantity_ml": null,
      "price_per_kg": null,
      "price_per_l": null
    },
    {
      "id": 3853,
      "name": "NEWCENTIAL Яке\\nхибридно",
      "store": "Kaufland",
      "price": 12.99,
      "old_price": null,
      "discount_pct": 0,
      "image_url": null,
      "off_barcode": null,
      "group_id": null,
      "match_type": null,
      "match_confidence": null,
      "quantity_g": null,
      "quantity_ml": null,
      "price_per_kg": null,
      "price_per_l": null
    },
    {
      "id": 1292,
      "name": "NIVEA",
      "store": "Kaufland",
      "price": 2.8,
      "old_price": null,
      "discount_pct": 0,
      "image_url": null,
      "off_barcode": null,
      "group_id": null,
      "match_type": null,
      "match_confidence": null,
      "quantity_g": null,
      "quantity_ml": null,
      "price_per_kg": null,
      "price_per_l": null
    },
    {
      "id": 4385,
      "name": "NIVEA Шампоан, Балсам или Душ гел\nразлични видове",
      "store": "Kaufland",
      "price": 5.48,
      "old_price": null,
      "discount_pct": 0,
      "image_url": null,
      "off_barcode": null,
      "group_id": null,
      "match_type": null,
      "match_confidence": null,
      "quantity_g": null,
      "quantity_ml": null,
      "price_per_kg": null,
      "price_per_l": null
    },
    {
      "id": 1237,
      "name": "Nescafe Classic",
      "store": "Kaufland",
      "price": 7.15,
      "old_price": null,
      "discount_pct": 0,
      "image_url": null,
      "off_barcode": null,
      "group_id": null,
      "match_type": null,
      "match_confidence": null,
      "quantity_g": null,
      "quantity_ml": null,
      "price_per_kg": null,
      "price_per_l": null
    },
    {
      "id": 319,
      "name": "Nescafe Classic Разтворимо кафе",
      "store": "Kaufland",
      "price": 13.98,
      "old_price": null,
      "discount_pct": 0,
      "image_url": null,
      "off_barcode": null,
      "group_id": null,
      "match_type": null,
      "match_confidence": null,
      "quantity_g": null,
      "quantity_ml": null,
      "price_per_kg": null,
      "price_per_l": null
    },
    {
      "id": 1217,
      "name": "Nescafe Dolce Gusto",
      "store": "Kaufland",
      "price": 8.68,
      "old_price": null,
      "discount_pct": 0,
      "image_url": null,
      "off_barcode": null,
      "group_id": null,
      "match_type": null,
      "match_confidence": null,
      "quantity_g": null,
      "quantity_ml": null,
      "price_per_kg": null,
      "price_per_l": null
    },
    {
      "id": 298,
      "name": "Nescafe Dolce Gusto Кафе капсули\nразлични видове",
      "store": "Kaufland",
      "price": 16.98,
      "old_price": null,
      "discount_pct": 0,
      "image_url": null,
      "off_barcode": null,
      "group_id": null,
      "match_type": null,
      "match_confidence": null,
      "quantity_g": null,
      "quantity_ml": null,
      "price_per_kg": null,
      "price_per_l": null
    },
    {
      "id": 5820,
      "name": "Nivea Cellular Expert Lift Козметичен комплект",
      "store": "Lidl",
      "price": 20.45,
      "old_price": null,
      "discount_pct": 0,
      "image_url": null,
      "off_barcode": null,
      "group_id": null,
      "match_type": null,
      "match_confidence": null,
      "quantity_g": null,
      "quantity_ml": null,
      "price_per_kg": null,
      "price_per_l": null
    },
    {
      "id": 1293,
      "name": "Nivea Men",
      "store": "Kaufland",
      "price": 2.8,
      "old_price": null,
      "discount_pct": 0,
      "image_url": null,
      "off_barcode": null,
      "group_id": null,
      "match_type": null,
      "match_confidence": null,
      "quantity_g": null,
      "quantity_ml": null,
      "price_per_kg": null,
      "price_per_l": null
    },
    {
      "id": 4386,
      "name": "Nivea Men Душ гел\nActive Clean",
      "store": "Kaufland",
      "price": 5.48,
      "old_price": null,
      "discount_pct": 0,
      "image_url": null,
      "off_barcode": null,
      "group_id": null,
      "match_type": null,
      "match_confidence": null,
      "quantity_g": null,
      "quantity_ml": null,
      "price_per_kg": null,
      "price_per_l": null
    },
    {
      "id": 4433,
      "name": "Nivea Men Крем",
      "store": "Kaufland",
      "price": 7.78,
      "old_price": null,
      "discount_pct": 0,
      "image_url": null,
      "off_barcode": null,
      "group_id": null,
      "match_type": null,
      "match_confidence": null,
      "quantity_g": null,
      "quantity_ml": null,
      "price_per_kg": null,
      "price_per_l": null
    },
    {
      "id": 5819,
      "name": "Nivea Q10 Козметичен комплект",
      "store": "Lidl",
      "price": 13.8,
      "old_price": null,
      "discount_pct": 0,
      "image_url": null,
      "off_barcode": null,
      "group_id": null,
      "match_type": null,
      "match_confidence": null,
      "quantity_g": null,
      "quantity_ml": null,
      "price_per_kg": null,
      "price_per_l": null
    },
    {
      "id": 3650,
      "name": "Nivea Афтършейв балсам или Лосион\nразлични видове",
      "store": "Kaufland",
      "price": 11.99,
      "old_price": null,
      "discount_pct": 0,
      "image_url": null,
      "off_barcode": null,
      "group_id": null,
      "match_type": null,
      "match_confidence": null,
      "quantity_g": null,
      "quantity_ml": null,
      "price_per_kg": null,
      "price_per_l": null
    },
    {
      "id": 3621,
      "name": "Nivea Дезодорант\nразлични видове",
      "store": "Kaufland",
      "price": 6.98,
      "old_price": null,
      "discount_pct": 0,
      "image_url": null,
      "off_barcode": null,
      "group_id": null,
      "match_type": null,
      "match_confidence": null,
      "quantity_g": null,
      "quantity_ml": null,
      "price_per_kg": null,
      "price_per_l": null
    },
    {
      "id": 3623,
      "name": "Nivea Дезодорант спрей\nразлични видове",
      "store": "Kaufland",
      "price": 6.98,
      "old_price": null,
      "discount_pct": 0,
      "image_url": null,
      "off_barcode": null,
      "group_id": null,
      "match_type": null,
      "match_confidence": null,
      "quantity_g": null,
      "quantity_ml": null,
      "price_per_kg": null,
      "price_per_l": null
    },
    {
      "id": 376,
      "name": "Nivea Душ гел\nHawaii Flower & Oil",
      "store": "Kaufland",
      "price": 5.48,
      "old_price": null,
      "discount_pct": 0,
      "image_url": null,
      "off_barcode": null,
      "group_id": null,
      "match_type": null,
      "match_confidence": null,
      "quantity_g": null,
      "quantity_ml": null,
      "price_per_kg": null,
      "price_per_l": null
    },
    {
      "id": 420,
      "name": "Nivea Лосион или Мляко за тяло Q10",
      "store": "Kaufland",
      "price": 11.68,
      "old_price": null,
      "discount_pct": 0,
      "image_url": null,
      "off_barcode": null,
      "group_id": null,
      "match_type": null,
      "match_confidence": null,
      "quantity_g": null,
      "quantity_ml": null,
      "price_per_kg": null,
      "price_per_l": null
    },
    {
      "id": 410,
      "name": "Nivea Мляко, Крем\nили Лосион за тяло",
      "store": "Kaufland",
      "price": 11.68,
      "old_price": null,
      "discount_pct": 0,
      "image_url": null,
      "off_barcode": null,
      "group_id": null,
      "match_type": null,
      "match_confidence": null,
      "quantity_g": null,
      "quantity_ml": null,
      "price_per_kg": null,
      "price_per_l": null
    },
    {
      "id": 373,
      "name": "Nivea Мляко, Лосион или Крем за\nтяло",
      "store": "Kaufland",
      "price": 11.68,
      "old_price": null,
      "discount_pct": 0,
      "image_url": null,
      "off_barcode": null,
      "group_id": null,
      "match_type": null,
      "match_confidence": null,
      "quantity_g": null,
      "quantity_ml": null,
      "price_per_kg": null,
      "price_per_l": null
    },
    {
      "id": 1137,
      "name": "Nucrema",
      "store": "Kaufland",
      "price": 4.08,
      "old_price": null,
      "discount_pct": 0,
      "image_url": null,
      "off_barcode": null,
      "group_id": null,
      "match_type": null,
      "match_confidence": null,
      "quantity_g": null,
      "quantity_ml": null,
      "price_per_kg": null,
      "price_per_l": null
    },
    {
      "id": 219,
      "name": "Nucrema Какаов крем\nпромопакет",
      "store": "Kaufland",
      "price": 7.98,
      "old_price": null,
      "discount_pct": 0,
      "image_url": null,
      "off_barcode": null,
      "group_id": null,
      "match_type": null,
      "match_confidence": null,
      "quantity_g": null,
      "quantity_ml": null,
      "price_per_kg": null,
      "price_per_l": null
    },
    {
      "id": 5874,
      "name": "Nutella Какаов крем с лешници",
      "store": "Lidl",
      "price": 7.65,
      "old_price": null,
      "discount_pct": 0,
      "image_url": null,
      "off_barcode": null,
      "group_id": null,
      "match_type": null,
      "match_confidence": null,
      "quantity_g": null,
      "quantity_ml": null,
      "price_per_kg": null,
      "price_per_l": null
    },
    {
      "id": 3658,
      "name": "OLD SPICE Душ гел\nEpic Legend",
      "store": "Kaufland",
      "price": 6.49,
      "old_price": null,
      "discount_pct": 0,
      "image_url": null,
      "off_barcode": null,
      "group_id": null,
      "match_type": null,
      "match_confidence": null,
      "quantity_g": null,
      "quantity_ml": null,
      "price_per_kg": null,
      "price_per_l": null
    },
    {
      "id": 1324,
      "name": "OMO",
      "store": "Kaufland",
      "price": 13.29,
      "old_price": null,
      "discount_pct": 0,
      "image_url": null,
      "off_barcode": null,
      "group_id": null,
      "match_type": null,
      "match_confidence": null,
      "quantity_g": null,
      "quantity_ml": null,
      "price_per_kg": null,
      "price_per_l": null
    },
    {
      "id": 406,
      "name": "OMO Гел\nразлични видове",
      "store": "Kaufland",
      "price": 25.99,
      "old_price": null,
      "discount_pct": 0,
      "image_url": null,
      "off_barcode": null,
      "group_id": null,
      "match_type": null,
      "match_confidence": null,
      "quantity_g": null,
      "quantity_ml": null,
      "price_per_kg": null,
      "price_per_l": null
    },
    {
      "id": 1347,
      "name": "OYANDA",
      "store": "Kaufland",
      "price": 5.11,
      "old_price": null,
      "discount_pct": 0,
      "image_url": null,
      "off_barcode": null,
      "group_id": null,
      "match_type": null,
      "match_confidence": null,
      "quantity_g": null,
      "quantity_ml": null,
      "price_per_kg": null,
      "price_per_l": null
    },
    {
      "id": 3877,
      "name": "OYANDA Бюстие\n36 - 46",
      "store": "Kaufland",
      "price": 9.99,
      "old_price": null,
      "discount_pct": 0,
      "image_url": null,
      "off_barcode": null,
      "group_id": null,
      "match_type": null,
      "match_confidence": null,
      "quantity_g": null,
      "quantity_ml": null,
      "price_per_kg": null,
      "price_per_l": null
    },
    {
      "id": 3856,
      "name": "OYANDA Дънки\n38 - 46",
      "store": "Kaufland",
      "price": 24.98,
      "old_price": null,
      "discount_pct": 0,
      "image_url": null,
      "off_barcode": null,
      "group_id": null,
      "match_type": null,
      "match_confidence": null,
      "quantity_g": null,
      "quantity_ml": null,
      "price_per_kg": null,
      "price_per_l": null
    },
    {
      "id": 3855,
      "name": "OYANDA Дънки\\n38 - 46",
      "store": "Kaufland",
      "price": 24.98,
      "old_price": null,
      "discount_pct": 0,
      "image_url": null,
      "off_barcode": null,
      "group_id": null,
      "match_type": null,
      "match_confidence": null,
      "quantity_g": null,
      "quantity_ml": null,
      "price_per_kg": null,
      "price_per_l": null
    },
    {
      "id": 3870,
      "name": "OYANDA Къси чорапи\n35 - 42",
      "store": "Kaufland",
      "price": 6.98,
      "old_price": null,
      "discount_pct": 0,
      "image_url": null,
      "off_barcode": null,
      "group_id": null,
      "match_type": null,
      "match_confidence": null,
      "quantity_g": null,
      "quantity_ml": null,
      "price_per_kg": null,
      "price_per_l": null
    },
    {
      "id": 3871,
      "name": "OYANDA Къси чорапи\\n35 - 42",
      "store": "Kaufland",
      "price": 12.99,
      "old_price": null,
      "discount_pct": 0,
      "image_url": null,
      "off_barcode": null,
      "group_id": null,
      "match_type": null,
      "match_confidence": null,
      "quantity_g": null,
      "quantity_ml": null,
      "price_per_kg": null,
      "price_per_l": null
    },
    {
      "id": 3843,
      "name": "OYANDA Меки чорапи\n35 - 42",
      "store": "Kaufland",
      "price": 4.99,
      "old_price": null,
      "discount_pct": 0,
      "image_url": null,
      "off_barcode": null,
      "group_id": null,
      "match_type": null,
      "match_confidence": null,
      "quantity_g": null,
      "quantity_ml": null,
      "price_per_kg": null,
      "price_per_l": null
    },
    {
      "id": 3844,
      "name": "OYANDA Меки чорапи\\n35 - 42",
      "store": "Kaufland",
      "price": 4.99,
      "old_price": null,
      "discount_pct": 0,
      "image_url": null,
      "off_barcode": null,
      "group_id": null,
      "match_type": null,
      "match_confidence": null,
      "quantity_g": null,
      "quantity_ml": null,
      "price_per_kg": null,
      "price_per_l": null
    },
    {
      "id": 4451,
      "name": "OYANDA Нощница\n36 - 46",
      "store": "Kaufland",
      "price": 9.99,
      "old_price": null,
      "discount_pct": 0,
      "image_url": null,
      "off_barcode": null,
      "group_id": null,
      "match_type": null,
      "match_confidence": null,
      "quantity_g": null,
      "quantity_ml": null,
      "price_per_kg": null,
      "price_per_l": null
    },
    {
      "id": 3858,
      "name": "OYANDA Обувки\nкожени",
      "store": "Kaufland",
      "price": 42.99,
      "old_price": null,
      "discount_pct": 0,
      "image_url": null,
      "off_barcode": null,
      "group_id": null,
      "match_type": null,
      "match_confidence": null,
      "quantity_g": null,
      "quantity_ml": null,
      "price_per_kg": null,
      "price_per_l": null
    },
    {
      "id": 3857,
      "name": "OYANDA Обувки\\nкожени",
      "store": "Kaufland",
      "price": 24.98,
      "old_price": null,
      "discount_pct": 0,
      "image_url": null,
      "off_barcode": null,
      "group_id": null,
      "match_type": null,
      "match_confidence": null,
      "quantity_g": null,
      "quantity_ml": null,
      "price_per_kg": null,
      "price_per_l": null
    },
    {
      "id": 4452,
      "name": "OYANDA Пижама\nсатен",
      "store": "Kaufland",
      "price": 15.98,
      "old_price": null,
      "discount_pct": 0,
      "image_url": null,
      "off_barcode": null,
      "group_id": null,
      "match_type": null,
      "match_confidence": null,
      "quantity_g": null,
      "quantity_ml": null,
      "price_per_kg": null,
      "price_per_l": null
    },
    {
      "id": 3175,
      "name": "OYANDA Сутиен\n85C - 90C",
      "store": "Kaufland",
      "price": 12.99,
      "old_price": null,
      "discount_pct": 0,
      "image_url": null,
      "off_barcode": null,
      "group_id": null,
      "match_type": null,
      "match_confidence": null,
      "quantity_g": null,
      "quantity_ml": null,
      "price_per_kg": null,
      "price_per_l": null
    },
    {
      "id": 3873,
      "name": "OYANDA Топ\n36 - 46",
      "store": "Kaufland",
      "price": 16.98,
      "old_price": null,
      "discount_pct": 0,
      "image_url": null,
      "off_barcode": null,
      "group_id": null,
      "match_type": null,
      "match_confidence": null,
      "quantity_g": null,
      "quantity_ml": null,
      "price_per_kg": null,
      "price_per_l": null
    },
    {
      "id": 3872,
      "name": "OYANDA Топ\\n36 - 46",
      "store": "Kaufland",
      "price": 6.98,
      "old_price": null,
      "discount_pct": 0,
      "image_url": null,
      "off_barcode": null,
      "group_id": null,
      "match_type": null,
      "match_confidence": null,
      "quantity_g": null,
      "quantity_ml": null,
      "price_per_kg": null,
      "price_per_l": null
    },
    {
      "id": 4453,
      "name": "OYANDA Халат\nсатен",
      "store": "Kaufland",
      "price": 16.98,
      "old_price": null,
      "discount_pct": 0,
      "image_url": null,
      "off_barcode": null,
      "group_id": null,
      "match_type": null,
      "match_confidence": null,
      "quantity_g": null,
      "quantity_ml": null,
      "price_per_kg": null,
      "price_per_l": null
    },
    {
      "id": 429,
      "name": "OYANDA Чорапи\n35 - 42",
      "store": "Kaufland",
      "price": 4.99,
      "old_price": null,
      "discount_pct": 0,
      "image_url": null,
      "off_barcode": null,
      "group_id": null,
      "match_type": null,
      "match_confidence": null,
      "quantity_g": null,
      "quantity_ml": null,
      "price_per_kg": null,
      "price_per_l": null
    },
    {
      "id": 3846,
      "name": "OYANDA Чорапи\\n35 - 42",
      "store": "Kaufland",
      "price": 5.98,
      "old_price": null,
      "discount_pct": 0,
      "image_url": null,
      "off_barcode": null,
      "group_id": null,
      "match_type": null,
      "match_confidence": null,
      "quantity_g": null,
      "quantity_ml": null,
      "price_per_kg": null,
      "price_per_l": null
    },
    {
      "id": 1350,
      "name": "OYANDA/ TOWNLAND",
      "store": "Kaufland",
      "price": 9.2,
      "old_price": null,
      "discount_pct": 0,
      "image_url": null,
      "off_barcode": null,
      "group_id": null,
      "match_type": null,
      "match_confidence": null,
      "quantity_g": null,
      "quantity_ml": null,
      "price_per_kg": null,
      "price_per_l": null
    },
    {
      "id": 3878,
      "name": "OYANDA/ TOWNLAND Елек\n36 - 62",
      "store": "Kaufland",
      "price": 24.98,
      "old_price": null,
      "discount_pct": 0,
      "image_url": null,
      "off_barcode": null,
      "group_id": null,
      "match_type": null,
      "match_confidence": null,
      "quantity_g": null,
      "quantity_ml": null,
      "price_per_kg": null,
      "price_per_l": null
    },
    {
      "id": 428,
      "name": "OYANDA/ TOWNLAND Пижама\n36 - 58",
      "store": "Kaufland",
      "price": 17.99,
      "old_price": null,
      "discount_pct": 0,
      "image_url": null,
      "off_barcode": null,
      "group_id": null,
      "match_type": null,
      "match_confidence": null,
      "quantity_g": null,
      "quantity_ml": null,
      "price_per_kg": null,
      "price_per_l": null
    },
    {
      "id": 3848,
      "name": "OYANDA/ TOWNLAND Пижама\nS - XL",
      "store": "Kaufland",
      "price": 17.99,
      "old_price": null,
      "discount_pct": 0,
      "image_url": null,
      "off_barcode": null,
      "group_id": null,
      "match_type": null,
      "match_confidence": null,
      "quantity_g": null,
      "quantity_ml": null,
      "price_per_kg": null,
      "price_per_l": null
    },
    {
      "id": 3847,
      "name": "OYANDA/ TOWNLAND Пижама\\nS - XL",
      "store": "Kaufland",
      "price": 5.98,
      "old_price": null,
      "discount_pct": 0,
      "image_url": null,
      "off_barcode": null,
      "group_id": null,
      "match_type": null,
      "match_confidence": null,
      "quantity_g": null,
      "quantity_ml": null,
      "price_per_kg": null,
      "price_per_l": null
    },
    {
      "id": 3875,
      "name": "OYANDA/ TOWNLAND Чорапи\n35 - 46",
      "store": "Kaufland",
      "price": 19.99,
      "old_price": null,
      "discount_pct": 0,
      "image_url": null,
      "off_barcode": null,
      "group_id": null,
      "match_type": null,
      "match_confidence": null,
      "quantity_g": null,
      "quantity_ml": null,
      "price_per_kg": null,
      "price_per_l": null
    },
    {
      "id": 3874,
      "name": "OYANDA/ TOWNLAND Чорапи\\n35 - 46",
      "store": "Kaufland",
      "price": 16.98,
      "old_price": null,
      "discount_pct": 0,
      "image_url": null,
      "off_barcode": null,
      "group_id": null,
      "match_type": null,
      "match_confidence": null,
      "quantity_g": null,
      "quantity_ml": null,
      "price_per_kg": null,
      "price_per_l": null
    },
    {
      "id": 3659,
      "name": "Old Spice Душ гел\nразлични видове",
      "store": "Kaufland",
      "price": 6.49,
      "old_price": null,
      "discount_pct": 0,
      "image_url": null,
      "off_barcode": null,
      "group_id": null,
      "match_type": null,
      "match_confidence": null,
      "quantity_g": null,
      "quantity_ml": null,
      "price_per_kg": null,
      "price_per_l": null
    },
    {
      "id": 3303,
      "name": "Olympus Извара\nот свежата витрина",
      "store": "Kaufland",
      "price": 5.98,
      "old_price": null,
      "discount_pct": 0,
      "image_url": null,
      "off_barcode": null,
      "group_id": null,
      "match_type": null,
      "match_confidence": null,
      "quantity_g": null,
      "quantity_ml": null,
      "price_per_kg": null,
      "price_per_l": null
    },
    {
      "id": 5859,
      "name": "Oshee Вода с витамини или изотонична напитка",
      "store": "Lidl",
      "price": 1.02,
      "old_price": null,
      "discount_pct": 0,
      "image_url": null,
      "off_barcode": null,
      "group_id": null,
      "match_type": null,
      "match_confidence": null,
      "quantity_g": null,
      "quantity_ml": null,
      "price_per_kg": null,
      "price_per_l": null
    },
    {
      "id": 1316,
      "name": "PAMPERS",
      "store": "Kaufland",
      "price": 18.91,
      "old_price": null,
      "discount_pct": 0,
      "image_url": null,
      "off_barcode": null,
      "group_id": null,
      "match_type": null,
      "match_confidence": null,
      "quantity_g": null,
      "quantity_ml": null,
      "price_per_kg": null,
      "price_per_l": null
    },
    {
      "id": 397,
      "name": "PAMPERS Пелени или Гащички PREMIUM",
      "store": "Kaufland",
      "price": 36.98,
      "old_price": null,
      "discount_pct": 0,
      "image_url": null,
      "off_barcode": null,
      "group_id": null,
      "match_type": null,
      "match_confidence": null,
      "quantity_g": null,
      "quantity_ml": null,
      "price_per_kg": null,
      "price_per_l": null
    },
    {
      "id": 4037,
      "name": "PANTENE Маска за коса\nMolecular Repair",
      "store": "Kaufland",
      "price": 11.99,
      "old_price": null,
      "discount_pct": 0,
      "image_url": null,
      "off_barcode": null,
      "group_id": null,
      "match_type": null,
      "match_confidence": null,
      "quantity_g": null,
      "quantity_ml": null,
      "price_per_kg": null,
      "price_per_l": null
    },
    {
      "id": 482,
      "name": "PARKSIDE®",
      "store": "Kaufland",
      "price": 76.69,
      "old_price": null,
      "discount_pct": 0,
      "image_url": null,
      "off_barcode": null,
      "group_id": null,
      "match_type": null,
      "match_confidence": null,
      "quantity_g": null,
      "quantity_ml": null,
      "price_per_kg": null,
      "price_per_l": null
    },
    {
      "id": 3839,
      "name": "PARKSIDE® PERFORMANCE Зарядно за батерии",
      "store": "Kaufland",
      "price": 69.98,
      "old_price": null,
      "discount_pct": 0,
      "image_url": null,
      "off_barcode": null,
      "group_id": null,
      "match_type": null,
      "match_confidence": null,
      "quantity_g": null,
      "quantity_ml": null,
      "price_per_kg": null,
      "price_per_l": null
    },
    {
      "id": 3885,
      "name": "PARKSIDE® Аксесоари за привързване\nразлични видове",
      "store": "Kaufland",
      "price": 3.99,
      "old_price": null,
      "discount_pct": 0,
      "image_url": null,
      "off_barcode": null,
      "group_id": null,
      "match_type": null,
      "match_confidence": null,
      "quantity_g": null,
      "quantity_ml": null,
      "price_per_kg": null,
      "price_per_l": null
    },
    {
      "id": 3887,
      "name": "PARKSIDE® Аксесоари за растения",
      "store": "Kaufland",
      "price": 7.98,
      "old_price": null,
      "discount_pct": 0,
      "image_url": null,
      "off_barcode": null,
      "group_id": null,
      "match_type": null,
      "match_confidence": null,
      "quantity_g": null,
      "quantity_ml": null,
      "price_per_kg": null,
      "price_per_l": null
    },
    {
      "id": 4541,
      "name": "PARKSIDE® Акумулаторен трион за клони\nс батерия 12 V",
      "store": "Kaufland",
      "price": 67.98,
      "old_price": null,
      "discount_pct": 0,
      "image_url": null,
      "off_barcode": null,
      "group_id": null,
      "match_type": null,
      "match_confidence": null,
      "quantity_g": null,
      "quantity_ml": null,
      "price_per_kg": null,
      "price_per_l": null
    },
    {
      "id": 4667,
      "name": "PARKSIDE® Акумулаторна батерия 2 Ah\nи Зарядно 2,4 A",
      "store": "Kaufland",
      "price": 31.98,
      "old_price": null,
      "discount_pct": 0,
      "image_url": null,
      "off_barcode": null,
      "group_id": null,
      "match_type": null,
      "match_confidence": null,
      "quantity_g": null,
      "quantity_ml": null,
      "price_per_kg": null,
      "price_per_l": null
    },
    {
      "id": 3826,
      "name": "PARKSIDE® Акумулаторна полираща\nмашина PPMA",
      "store": "Kaufland",
      "price": 64.99,
      "old_price": null,
      "discount_pct": 0,
      "image_url": null,
      "off_barcode": null,
      "group_id": null,
      "match_type": null,
      "match_confidence": null,
      "quantity_g": null,
      "quantity_ml": null,
      "price_per_kg": null,
      "price_per_l": null
    },
    {
      "id": 3827,
      "name": "PARKSIDE® Акумулаторна преса\nза флакони PKPA",
      "store": "Kaufland",
      "price": 79.99,
      "old_price": null,
      "discount_pct": 0,
      "image_url": null,
      "off_barcode": null,
      "group_id": null,
      "match_type": null,
      "match_confidence": null,
      "quantity_g": null,
      "quantity_ml": null,
      "price_per_kg": null,
      "price_per_l": null
    },
    {
      "id": 4544,
      "name": "PARKSIDE® Бензинов верижен трион PBKS\n2 kW",
      "store": "Kaufland",
      "price": 169.9,
      "old_price": null,
      "discount_pct": 0,
      "image_url": null,
      "off_barcode": null,
      "group_id": null,
      "match_type": null,
      "match_confidence": null,
      "quantity_g": null,
      "quantity_ml": null,
      "price_per_kg": null,
      "price_per_l": null
    },
    {
      "id": 4540,
      "name": "PARKSIDE® Брадва\nили чук с дълга дръжка",
      "store": "Kaufland",
      "price": 29.98,
      "old_price": null,
      "discount_pct": 0,
      "image_url": null,
      "off_barcode": null,
      "group_id": null,
      "match_type": null,
      "match_confidence": null,
      "quantity_g": null,
      "quantity_ml": null,
      "price_per_kg": null,
      "price_per_l": null
    },
    {
      "id": 4547,
      "name": "PARKSIDE® Градинарска лопата\nразлични видове",
      "store": "Kaufland",
      "price": 31.98,
      "old_price": null,
      "discount_pct": 0,
      "image_url": null,
      "off_barcode": null,
      "group_id": null,
      "match_type": null,
      "match_confidence": null,
      "quantity_g": null,
      "quantity_ml": null,
      "price_per_kg": null,
      "price_per_l": null
    },
    {
      "id": 83,
      "name": "PARKSIDE® Ексцентършлайф",
      "store": "Kaufland",
      "price": 39.98,
      "old_price": null,
      "discount_pct": 0,
      "image_url": null,
      "off_barcode": null,
      "group_id": null,
      "match_type": null,
      "match_confidence": null,
      "quantity_g": null,
      "quantity_ml": null,
      "price_per_kg": null,
      "price_per_l": null
    },
    {
      "id": 483,
      "name": "PARKSIDE® Електрически верижен трион\nPEKS 2200 A1",
      "store": "Kaufland",
      "price": 149.99,
      "old_price": null,
      "discount_pct": 0,
      "image_url": null,
      "off_barcode": null,
      "group_id": null,
      "match_type": null,
      "match_confidence": null,
      "quantity_g": null,
      "quantity_ml": null,
      "price_per_kg": null,
      "price_per_l": null
    },
    {
      "id": 3829,
      "name": "PARKSIDE® Зарядно устройство",
      "store": "Kaufland",
      "price": 34.99,
      "old_price": null,
      "discount_pct": 0,
      "image_url": null,
      "off_barcode": null,
      "group_id": null,
      "match_type": null,
      "match_confidence": null,
      "quantity_g": null,
      "quantity_ml": null,
      "price_per_kg": null,
      "price_per_l": null
    },
    {
      "id": 508,
      "name": "PARKSIDE® Инфрачервен термограф\nPTI 380 C",
      "store": "Kaufland",
      "price": 22.98,
      "old_price": null,
      "discount_pct": 0,
      "image_url": null,
      "off_barcode": null,
      "group_id": null,
      "match_type": null,
      "match_confidence": null,
      "quantity_g": null,
      "quantity_ml": null,
      "price_per_kg": null,
      "price_per_l": null
    },
    {
      "id": 4606,
      "name": "PARKSIDE® Комплект триони\n3 части",
      "store": "Kaufland",
      "price": 15.98,
      "old_price": null,
      "discount_pct": 0,
      "image_url": null,
      "off_barcode": null,
      "group_id": null,
      "match_type": null,
      "match_confidence": null,
      "quantity_g": null,
      "quantity_ml": null,
      "price_per_kg": null,
      "price_per_l": null
    },
    {
      "id": 3183,
      "name": "PARKSIDE® Лак, лепило или пълнител\nза дърво",
      "store": "Kaufland",
      "price": 8.98,
      "old_price": null,
      "discount_pct": 0,
      "image_url": null,
      "off_barcode": null,
      "group_id": null,
      "match_type": null,
      "match_confidence": null,
      "quantity_g": null,
      "quantity_ml": null,
      "price_per_kg": null,
      "price_per_l": null
    },
    {
      "id": 4601,
      "name": "PARKSIDE® Маркер за дълбоки отвори",
      "store": "Kaufland",
      "price": 6.98,
      "old_price": null,
      "discount_pct": 0,
      "image_url": null,
      "off_barcode": null,
      "group_id": null,
      "match_type": null,
      "match_confidence": null,
      "quantity_g": null,
      "quantity_ml": null,
      "price_per_kg": null,
      "price_per_l": null
    },
    {
      "id": 4664,
      "name": "PARKSIDE® Ножица за рязане на метал",
      "store": "Kaufland",
      "price": 16.98,
      "old_price": null,
      "discount_pct": 0,
      "image_url": null,
      "off_barcode": null,
      "group_id": null,
      "match_type": null,
      "match_confidence": null,
      "quantity_g": null,
      "quantity_ml": null,
      "price_per_kg": null,
      "price_per_l": null
    },
    {
      "id": 4543,
      "name": "PARKSIDE® Палатка",
      "store": "Kaufland",
      "price": 199.89,
      "old_price": null,
      "discount_pct": 0,
      "image_url": null,
      "off_barcode": null,
      "group_id": null,
      "match_type": null,
      "match_confidence": null,
      "quantity_g": null,
      "quantity_ml": null,
      "price_per_kg": null,
      "price_per_l": null
    },
    {
      "id": 4604,
      "name": "PARKSIDE® Пистолет за горещ въздух\nPHLGB 2000",
      "store": "Kaufland",
      "price": 19.99,
      "old_price": null,
      "discount_pct": 0,
      "image_url": null,
      "off_barcode": null,
      "group_id": null,
      "match_type": null,
      "match_confidence": null,
      "quantity_g": null,
      "quantity_ml": null,
      "price_per_kg": null,
      "price_per_l": null
    },
    {
      "id": 3830,
      "name": "PARKSIDE® Пистолет за горещо лепене",
      "store": "Kaufland",
      "price": 10.99,
      "old_price": null,
      "discount_pct": 0,
      "image_url": null,
      "off_barcode": null,
      "group_id": null,
      "match_type": null,
      "match_confidence": null,
      "quantity_g": null,
      "quantity_ml": null,
      "price_per_kg": null,
      "price_per_l": null
    },
    {
      "id": 3840,
      "name": "PARKSIDE® Повдигната леха\n70 л",
      "store": "Kaufland",
      "price": 37.98,
      "old_price": null,
      "discount_pct": 0,
      "image_url": null,
      "off_barcode": null,
      "group_id": null,
      "match_type": null,
      "match_confidence": null,
      "quantity_g": null,
      "quantity_ml": 70000,
      "price_per_kg": null,
      "price_per_l": 0.54
    },
    {
      "id": 3841,
      "name": "PARKSIDE® Повдигната леха\\n70 л",
      "store": "Kaufland",
      "price": 69.98,
      "old_price": null,
      "discount_pct": 0,
      "image_url": null,
      "off_barcode": null,
      "group_id": null,
      "match_type": null,
      "match_confidence": null,
      "quantity_g": null,
      "quantity_ml": 70000,
      "price_per_kg": null,
      "price_per_l": 1.0
    },
    {
      "id": 4598,
      "name": "PARKSIDE® Принадлежности\nза рязане или полиране",
      "store": "Kaufland",
      "price": 2.48,
      "old_price": null,
      "discount_pct": 0,
      "image_url": null,
      "off_barcode": null,
      "group_id": null,
      "match_type": null,
      "match_confidence": null,
      "quantity_g": null,
      "quantity_ml": null,
      "price_per_kg": null,
      "price_per_l": null
    },
    {
      "id": 3182,
      "name": "PARKSIDE® Принадлежности за боядисване\nразлични видове",
      "store": "Kaufland",
      "price": 3.99,
      "old_price": null,
      "discount_pct": 0,
      "image_url": null,
      "off_barcode": null,
      "group_id": null,
      "match_type": null,
      "match_confidence": null,
      "quantity_g": null,
      "quantity_ml": null,
      "price_per_kg": null,
      "price_per_l": null
    },
    {
      "id": 3886,
      "name": "PARKSIDE® Саксии за засаждане\nразлични видове",
      "store": "Kaufland",
      "price": 5.98,
      "old_price": null,
      "discount_pct": 0,
      "image_url": null,
      "off_barcode": null,
      "group_id": null,
      "match_type": null,
      "match_confidence": null,
      "quantity_g": null,
      "quantity_ml": null,
      "price_per_kg": null,
      "price_per_l": null
    },
    {
      "id": 4605,
      "name": "PARKSIDE® Стелаж",
      "store": "Kaufland",
      "price": 79.99,
      "old_price": null,
      "discount_pct": 0,
      "image_url": null,
      "off_barcode": null,
      "group_id": null,
      "match_type": null,
      "match_confidence": null,
      "quantity_g": null,
      "quantity_ml": null,
      "price_per_kg": null,
      "price_per_l": null
    },
    {
      "id": 4548,
      "name": "PARKSIDE® Стойка за цепене на дърва",
      "store": "Kaufland",
      "price": 49.99,
      "old_price": null,
      "discount_pct": 0,
      "image_url": null,
      "off_barcode": null,
      "group_id": null,
      "match_type": null,
      "match_confidence": null,
      "quantity_g": null,
      "quantity_ml": null,
      "price_per_kg": null,
      "price_per_l": null
    },
    {
      "id": 4602,
      "name": "PARKSIDE® Универсално въже\n30 м",
      "store": "Kaufland",
      "price": 6.98,
      "old_price": null,
      "discount_pct": 0,
      "image_url": null,
      "off_barcode": null,
      "group_id": null,
      "match_type": null,
      "match_confidence": null,
      "quantity_g": null,
      "quantity_ml": null,
      "price_per_kg": null,
      "price_per_l": null
    },
    {
      "id": 4671,
      "name": "PARKSIDE® Уред за заточване на свредла\nPBSG92A",
      "store": "Kaufland",
      "price": 46.98,
      "old_price": null,
      "discount_pct": 0,
      "image_url": null,
      "off_barcode": null,
      "group_id": null,
      "match_type": null,
      "match_confidence": null,
      "quantity_g": null,
      "quantity_ml": null,
      "price_per_kg": null,
      "price_per_l": null
    },
    {
      "id": 3184,
      "name": "PARKSIDE® Чук\nразлични видове",
      "store": "Kaufland",
      "price": 4.99,
      "old_price": null,
      "discount_pct": 0,
      "image_url": null,
      "off_barcode": null,
      "group_id": null,
      "match_type": null,
      "match_confidence": null,
      "quantity_g": null,
      "quantity_ml": null,
      "price_per_kg": null,
      "price_per_l": null
    },
    {
      "id": 3707,
      "name": "PARODONTAX Паста за зъби\nStrengthen&Protect",
      "store": "Kaufland",
      "price": 11.99,
      "old_price": null,
      "discount_pct": 0,
      "image_url": null,
      "off_barcode": null,
      "group_id": null,
      "match_type": null,
      "match_confidence": null,
      "quantity_g": null,
      "quantity_ml": null,
      "price_per_kg": null,
      "price_per_l": null
    },
    {
      "id": 1359,
      "name": "PEDIGREE",
      "store": "Kaufland",
      "price": 4.85,
      "old_price": null,
      "discount_pct": 0,
      "image_url": null,
      "off_barcode": null,
      "group_id": null,
      "match_type": null,
      "match_confidence": null,
      "quantity_g": null,
      "quantity_ml": null,
      "price_per_kg": null,
      "price_per_l": null
    },
    {
      "id": 441,
      "name": "PEDIGREE Храна за кучета",
      "store": "Kaufland",
      "price": 9.49,
      "old_price": null,
      "discount_pct": 0,
      "image_url": null,
      "off_barcode": null,
      "group_id": null,
      "match_type": null,
      "match_confidence": null,
      "quantity_g": null,
      "quantity_ml": null,
      "price_per_kg": null,
      "price_per_l": null
    },
    {
      "id": 3577,
      "name": "PEPSI/MIRINDA различни видове\n4 х 1 л",
      "store": "Kaufland",
      "price": 3.99,
      "old_price": null,
      "discount_pct": 0,
      "image_url": null,
      "off_barcode": null,
      "group_id": null,
      "match_type": null,
      "match_confidence": null,
      "quantity_g": null,
      "quantity_ml": 4000,
      "price_per_kg": null,
      "price_per_l": 1.0
    },
    {
      "id": 3591,
      "name": "PERSIL Гел или\nКапсули",
      "store": "Kaufland",
      "price": 35.99,
      "old_price": null,
      "discount_pct": 0,
      "image_url": null,
      "off_barcode": null,
      "group_id": null,
      "match_type": null,
      "match_confidence": null,
      "quantity_g": null,
      "quantity_ml": null,
      "price_per_kg": null,
      "price_per_l": null
    },
    {
      "id": 3592,
      "name": "PERSIL гел 100 пранета\nкапсули 68 пранета",
      "store": "Kaufland",
      "price": 35.99,
      "old_price": null,
      "discount_pct": 0,
      "image_url": null,
      "off_barcode": null,
      "group_id": null,
      "match_type": null,
      "match_confidence": null,
      "quantity_g": null,
      "quantity_ml": null,
      "price_per_kg": null,
      "price_per_l": null
    },
    {
      "id": 4056,
      "name": "PERWOLL Гел\nизбрани видове",
      "store": "Kaufland",
      "price": 26.99,
      "old_price": null,
      "discount_pct": 0,
      "image_url": null,
      "off_barcode": null,
      "group_id": null,
      "match_type": null,
      "match_confidence": null,
      "quantity_g": null,
      "quantity_ml": null,
      "price_per_kg": null,
      "price_per_l": null
    },
    {
      "id": 1106,
      "name": "PHILADELPHIA",
      "store": "Kaufland",
      "price": 5.87,
      "old_price": null,
      "discount_pct": 0,
      "image_url": null,
      "off_barcode": null,
      "group_id": null,
      "match_type": null,
      "match_confidence": null,
      "quantity_g": null,
      "quantity_ml": null,
      "price_per_kg": null,
      "price_per_l": null
    },
    {
      "id": 188,
      "name": "PHILADELPHIA Крема сирене\nразлични видове",
      "store": "Kaufland",
      "price": 11.48,
      "old_price": null,
      "discount_pct": 0,
      "image_url": null,
      "off_barcode": null,
      "group_id": null,
      "match_type": null,
      "match_confidence": null,
      "quantity_g": null,
      "quantity_ml": null,
      "price_per_kg": null,
      "price_per_l": null
    },
    {
      "id": 1120,
      "name": "PRIMOFISH",
      "store": "Kaufland",
      "price": 2.99,
      "old_price": null,
      "discount_pct": 0,
      "image_url": null,
      "off_barcode": null,
      "group_id": null,
      "match_type": null,
      "match_confidence": null,
      "quantity_g": null,
      "quantity_ml": null,
      "price_per_kg": null,
      "price_per_l": null
    },
    {
      "id": 202,
      "name": "PRIMOFISH Хек чистен\nзамразен",
      "store": "Kaufland",
      "price": 5.85,
      "old_price": null,
      "discount_pct": 0,
      "image_url": null,
      "off_barcode": null,
      "group_id": null,
      "match_type": null,
      "match_confidence": null,
      "quantity_g": null,
      "quantity_ml": null,
      "price_per_kg": null,
      "price_per_l": null
    },
    {
      "id": 3799,
      "name": "PYREX Форма за печене Iconics\nразлични видове",
      "store": "Kaufland",
      "price": 7.49,
      "old_price": null,
      "discount_pct": 0,
      "image_url": null,
      "off_barcode": null,
      "group_id": null,
      "match_type": null,
      "match_confidence": null,
      "quantity_g": null,
      "quantity_ml": null,
      "price_per_kg": null,
      "price_per_l": null
    },
    {
      "id": 58,
      "name": "Palmolive Душ гел",
      "store": "Lidl",
      "price": 4.09,
      "old_price": null,
      "discount_pct": 0,
      "image_url": null,
      "off_barcode": null,
      "group_id": null,
      "match_type": null,
      "match_confidence": null,
      "quantity_g": null,
      "quantity_ml": null,
      "price_per_kg": null,
      "price_per_l": null
    },
    {
      "id": 3598,
      "name": "Pampers Бебешки пелени или гащички",
      "store": "Kaufland",
      "price": 44.96,
      "old_price": null,
      "discount_pct": 0,
      "image_url": null,
      "off_barcode": null,
      "group_id": null,
      "match_type": null,
      "match_confidence": null,
      "quantity_g": null,
      "quantity_ml": null,
      "price_per_kg": null,
      "price_per_l": null
    },
    {
      "id": 4424,
      "name": "Pampers Гащички",
      "store": "Kaufland",
      "price": 36.98,
      "old_price": null,
      "discount_pct": 0,
      "image_url": null,
      "off_barcode": null,
      "group_id": null,
      "match_type": null,
      "match_confidence": null,
      "quantity_g": null,
      "quantity_ml": null,
      "price_per_kg": null,
      "price_per_l": null
    },
    {
      "id": 3597,
      "name": "Pampers Пелени или Гащички",
      "store": "Kaufland",
      "price": 44.96,
      "old_price": null,
      "discount_pct": 0,
      "image_url": null,
      "off_barcode": null,
      "group_id": null,
      "match_type": null,
      "match_confidence": null,
      "quantity_g": null,
      "quantity_ml": null,
      "price_per_kg": null,
      "price_per_l": null
    },
    {
      "id": 4035,
      "name": "Pantene Олио, Маска или Серум за\nкоса",
      "store": "Kaufland",
      "price": 11.99,
      "old_price": null,
      "discount_pct": 0,
      "image_url": null,
      "off_barcode": null,
      "group_id": null,
      "match_type": null,
      "match_confidence": null,
      "quantity_g": null,
      "quantity_ml": null,
      "price_per_kg": null,
      "price_per_l": null
    },
    {
      "id": 4038,
      "name": "Pantene Олио, Маска, Серум за косa\nразлични видове",
      "store": "Kaufland",
      "price": 11.99,
      "old_price": null,
      "discount_pct": 0,
      "image_url": null,
      "off_barcode": null,
      "group_id": null,
      "match_type": null,
      "match_confidence": null,
      "quantity_g": null,
      "quantity_ml": null,
      "price_per_kg": null,
      "price_per_l": null
    },
    {
      "id": 3625,
      "name": "Pantene Шампоан, Балсам, Маска или\nКрем за коса",
      "store": "Kaufland",
      "price": 8.98,
      "old_price": null,
      "discount_pct": 0,
      "image_url": null,
      "off_barcode": null,
      "group_id": null,
      "match_type": null,
      "match_confidence": null,
      "quantity_g": null,
      "quantity_ml": null,
      "price_per_kg": null,
      "price_per_l": null
    },
    {
      "id": 3626,
      "name": "Pantene Шампоан, Балсам, Маска или\\nКрем за коса",
      "store": "Kaufland",
      "price": 6.98,
      "old_price": null,
      "discount_pct": 0,
      "image_url": null,
      "off_barcode": null,
      "group_id": null,
      "match_type": null,
      "match_confidence": null,
      "quantity_g": null,
      "quantity_ml": null,
      "price_per_kg": null,
      "price_per_l": null
    },
    {
      "id": 3629,
      "name": "Pantene Шампоан/ Балсам",
      "store": "Kaufland",
      "price": 8.98,
      "old_price": null,
      "discount_pct": 0,
      "image_url": null,
      "off_barcode": null,
      "group_id": null,
      "match_type": null,
      "match_confidence": null,
      "quantity_g": null,
      "quantity_ml": null,
      "price_per_kg": null,
      "price_per_l": null
    },
    {
      "id": 1343,
      "name": "Papia",
      "store": "Kaufland",
      "price": 6.13,
      "old_price": null,
      "discount_pct": 0,
      "image_url": null,
      "off_barcode": null,
      "group_id": null,
      "match_type": null,
      "match_confidence": null,
      "quantity_g": null,
      "quantity_ml": null,
      "price_per_kg": null,
      "price_per_l": null
    },
    {
      "id": 424,
      "name": "Papia Кухненска ролка",
      "store": "Kaufland",
      "price": 11.99,
      "old_price": null,
      "discount_pct": 0,
      "image_url": null,
      "off_barcode": null,
      "group_id": null,
      "match_type": null,
      "match_confidence": null,
      "quantity_g": null,
      "quantity_ml": null,
      "price_per_kg": null,
      "price_per_l": null
    },
    {
      "id": 288,
      "name": "Papia Кухненска ролка\nразлични видове",
      "store": "Kaufland",
      "price": 11.99,
      "old_price": null,
      "discount_pct": 0,
      "image_url": null,
      "off_barcode": null,
      "group_id": null,
      "match_type": null,
      "match_confidence": null,
      "quantity_g": null,
      "quantity_ml": null,
      "price_per_kg": null,
      "price_per_l": null
    },
    {
      "id": 1402,
      "name": "Parkside",
      "store": "Kaufland",
      "price": 61.3,
      "old_price": null,
      "discount_pct": 0,
      "image_url": null,
      "off_barcode": null,
      "group_id": null,
      "match_type": null,
      "match_confidence": null,
      "quantity_g": null,
      "quantity_ml": null,
      "price_per_kg": null,
      "price_per_l": null
    },
    {
      "id": 4536,
      "name": "Parkside Акумулаторен трион PKSA 20-L\nдължина на рязане до 23 см,",
      "store": "Kaufland",
      "price": 119.89,
      "old_price": null,
      "discount_pct": 0,
      "image_url": null,
      "off_barcode": null,
      "group_id": null,
      "match_type": null,
      "match_confidence": null,
      "quantity_g": null,
      "quantity_ml": null,
      "price_per_kg": null,
      "price_per_l": null
    },
    {
      "id": 571,
      "name": "Parkside® 2 в 1 акумулаторен компресор и въздушна помпа",
      "store": "Lidl",
      "price": 23.0,
      "old_price": null,
      "discount_pct": 0,
      "image_url": null,
      "off_barcode": null,
      "group_id": null,
      "match_type": null,
      "match_confidence": null,
      "quantity_g": null,
      "quantity_ml": null,
      "price_per_kg": null,
      "price_per_l": null
    },
    {
      "id": 1454,
      "name": "Parkside® Performance",
      "store": "Kaufland",
      "price": 51.12,
      "old_price": null,
      "discount_pct": 0,
      "image_url": null,
      "off_barcode": null,
      "group_id": null,
      "match_type": null,
      "match_confidence": null,
      "quantity_g": null,
      "quantity_ml": null,
      "price_per_kg": null,
      "price_per_l": null
    },
    {
      "id": 4663,
      "name": "Parkside® Performance Акумулаторен винтоверт\n2 батерии и зарядно",
      "store": "Kaufland",
      "price": 99.98,
      "old_price": null,
      "discount_pct": 0,
      "image_url": null,
      "off_barcode": null,
      "group_id": null,
      "match_type": null,
      "match_confidence": null,
      "quantity_g": null,
      "quantity_ml": null,
      "price_per_kg": null,
      "price_per_l": null
    },
    {
      "id": 3838,
      "name": "Parkside® Аксесоари Направи си сам\nразлични видове",
      "store": "Kaufland",
      "price": 4.99,
      "old_price": null,
      "discount_pct": 0,
      "image_url": null,
      "off_barcode": null,
      "group_id": null,
      "match_type": null,
      "match_confidence": null,
      "quantity_g": null,
      "quantity_ml": null,
      "price_per_kg": null,
      "price_per_l": null
    },
    {
      "id": 5965,
      "name": "Parkside® Акумулаторен LED прожектор",
      "store": "Lidl",
      "price": 25.56,
      "old_price": null,
      "discount_pct": 0,
      "image_url": null,
      "off_barcode": null,
      "group_id": null,
      "match_type": null,
      "match_confidence": null,
      "quantity_g": null,
      "quantity_ml": null,
      "price_per_kg": null,
      "price_per_l": null
    },
    {
      "id": 3837,
      "name": "Parkside® Акумулаторен компресор\n20 V,",
      "store": "Kaufland",
      "price": 44.98,
      "old_price": null,
      "discount_pct": 0,
      "image_url": null,
      "off_barcode": null,
      "group_id": null,
      "match_type": null,
      "match_confidence": null,
      "quantity_g": null,
      "quantity_ml": null,
      "price_per_kg": null,
      "price_per_l": null
    },
    {
      "id": 84,
      "name": "Parkside® Акумулаторен листосъбирач\nPLSBA 40",
      "store": "Kaufland",
      "price": 119.99,
      "old_price": null,
      "discount_pct": 0,
      "image_url": null,
      "off_barcode": null,
      "group_id": null,
      "match_type": null,
      "match_confidence": null,
      "quantity_g": null,
      "quantity_ml": null,
      "price_per_kg": null,
      "price_per_l": null
    },
    {
      "id": 5964,
      "name": "Parkside® Акумулаторен пистолет за силикон",
      "store": "Lidl",
      "price": 40.9,
      "old_price": null,
      "discount_pct": 0,
      "image_url": null,
      "off_barcode": null,
      "group_id": null,
      "match_type": null,
      "match_confidence": null,
      "quantity_g": null,
      "quantity_ml": null,
      "price_per_kg": null,
      "price_per_l": null
    },
    {
      "id": 5968,
      "name": "Parkside® Акумулаторен пробивен винтоверт",
      "store": "Lidl",
      "price": 19.42,
      "old_price": null,
      "discount_pct": 0,
      "image_url": null,
      "off_barcode": null,
      "group_id": null,
      "match_type": null,
      "match_confidence": null,
      "quantity_g": null,
      "quantity_ml": null,
      "price_per_kg": null,
      "price_per_l": null
    },
    {
      "id": 5967,
      "name": "Parkside® Акумулаторен ръчен циркуляр",
      "store": "Lidl",
      "price": 46.01,
      "old_price": null,
      "discount_pct": 0,
      "image_url": null,
      "off_barcode": null,
      "group_id": null,
      "match_type": null,
      "match_confidence": null,
      "quantity_g": null,
      "quantity_ml": null,
      "price_per_kg": null,
      "price_per_l": null
    },
    {
      "id": 5969,
      "name": "Parkside® Акумулаторен уред за почистване на тръби",
      "store": "Lidl",
      "price": 51.12,
      "old_price": null,
      "discount_pct": 0,
      "image_url": null,
      "off_barcode": null,
      "group_id": null,
      "match_type": null,
      "match_confidence": null,
      "quantity_g": null,
      "quantity_ml": null,
      "price_per_kg": null,
      "price_per_l": null
    },
    {
      "id": 3832,
      "name": "Parkside® Акумулаторен циркулярен\nтрион",
      "store": "Kaufland",
      "price": 89.99,
      "old_price": null,
      "discount_pct": 0,
      "image_url": null,
      "off_barcode": null,
      "group_id": null,
      "match_type": null,
      "match_confidence": null,
      "quantity_g": null,
      "quantity_ml": null,
      "price_per_kg": null,
      "price_per_l": null
    },
    {
      "id": 3835,
      "name": "Parkside® Акумулаторен ъглов гайковерт\nударен",
      "store": "Kaufland",
      "price": 79.99,
      "old_price": null,
      "discount_pct": 0,
      "image_url": null,
      "off_barcode": null,
      "group_id": null,
      "match_type": null,
      "match_confidence": null,
      "quantity_g": null,
      "quantity_ml": null,
      "price_per_kg": null,
      "price_per_l": null
    },
    {
      "id": 5966,
      "name": "Parkside® Акумулаторна батерия",
      "store": "Lidl",
      "price": 20.44,
      "old_price": null,
      "discount_pct": 0,
      "image_url": null,
      "off_barcode": null,
      "group_id": null,
      "match_type": null,
      "match_confidence": null,
      "quantity_g": null,
      "quantity_ml": null,
      "price_per_kg": null,
      "price_per_l": null
    },
    {
      "id": 4665,
      "name": "Parkside® Акумулаторна бормашина",
      "store": "Kaufland",
      "price": 37.98,
      "old_price": null,
      "discount_pct": 0,
      "image_url": null,
      "off_barcode": null,
      "group_id": null,
      "match_type": null,
      "match_confidence": null,
      "quantity_g": null,
      "quantity_ml": null,
      "price_per_kg": null,
      "price_per_l": null
    },
    {
      "id": 3180,
      "name": "Parkside® Акумулаторна бормашина\nс вкл. батерия PBSAE 12",
      "store": "Kaufland",
      "price": 39.98,
      "old_price": null,
      "discount_pct": 0,
      "image_url": null,
      "off_barcode": null,
      "group_id": null,
      "match_type": null,
      "match_confidence": null,
      "quantity_g": null,
      "quantity_ml": null,
      "price_per_kg": null,
      "price_per_l": null
    },
    {
      "id": 3181,
      "name": "Parkside® Акумулаторна бормашина\\nс вкл. батерия PBSAE 12",
      "store": "Kaufland",
      "price": 39.98,
      "old_price": null,
      "discount_pct": 0,
      "image_url": null,
      "off_barcode": null,
      "group_id": null,
      "match_type": null,
      "match_confidence": null,
      "quantity_g": null,
      "quantity_ml": null,
      "price_per_kg": null,
      "price_per_l": null
    },
    {
      "id": 3836,
      "name": "Parkside® Акумулаторна лентова пила",
      "store": "Kaufland",
      "price": 69.98,
      "old_price": null,
      "discount_pct": 0,
      "image_url": null,
      "off_barcode": null,
      "group_id": null,
      "match_type": null,
      "match_confidence": null,
      "quantity_g": null,
      "quantity_ml": null,
      "price_per_kg": null,
      "price_per_l": null
    },
    {
      "id": 520,
      "name": "Parkside® Акумулаторна ударна\nбормашина",
      "store": "Kaufland",
      "price": 44.98,
      "old_price": null,
      "discount_pct": 0,
      "image_url": null,
      "off_barcode": null,
      "group_id": null,
      "match_type": null,
      "match_confidence": null,
      "quantity_g": null,
      "quantity_ml": null,
      "price_per_kg": null,
      "price_per_l": null
    },
    {
      "id": 5971,
      "name": "Parkside® Боксери",
      "store": "Lidl",
      "price": 4.6,
      "old_price": null,
      "discount_pct": 0,
      "image_url": null,
      "off_barcode": null,
      "group_id": null,
      "match_type": null,
      "match_confidence": null,
      "quantity_g": null,
      "quantity_ml": null,
      "price_per_kg": null,
      "price_per_l": null
    },
    {
      "id": 4603,
      "name": "Parkside® Винтове или дюбели\nразлични видове",
      "store": "Kaufland",
      "price": 9.99,
      "old_price": null,
      "discount_pct": 0,
      "image_url": null,
      "off_barcode": null,
      "group_id": null,
      "match_type": null,
      "match_confidence": null,
      "quantity_g": null,
      "quantity_ml": null,
      "price_per_kg": null,
      "price_per_l": null
    },
    {
      "id": 4670,
      "name": "Parkside® Водоструийка PHD 135 G6",
      "store": "Kaufland",
      "price": 159.99,
      "old_price": null,
      "discount_pct": 0,
      "image_url": null,
      "off_barcode": null,
      "group_id": null,
      "match_type": null,
      "match_confidence": null,
      "quantity_g": 135,
      "quantity_ml": null,
      "price_per_kg": 1185.11,
      "price_per_l": null
    },
    {
      "id": 535,
      "name": "Parkside® Въжен подемник",
      "store": "Kaufland",
      "price": 159.99,
      "old_price": null,
      "discount_pct": 0,
      "image_url": null,
      "off_barcode": null,
      "group_id": null,
      "match_type": null,
      "match_confidence": null,
      "quantity_g": null,
      "quantity_ml": null,
      "price_per_kg": null,
      "price_per_l": null
    },
    {
      "id": 5938,
      "name": "Parkside® Горелка или флакони с газ",
      "store": "Lidl",
      "price": 12.78,
      "old_price": null,
      "discount_pct": 0,
      "image_url": null,
      "off_barcode": null,
      "group_id": null,
      "match_type": null,
      "match_confidence": null,
      "quantity_g": null,
      "quantity_ml": null,
      "price_per_kg": null,
      "price_per_l": null
    },
    {
      "id": 4549,
      "name": "Parkside® Градинарска ножица\nтелескопична",
      "store": "Kaufland",
      "price": 24.98,
      "old_price": null,
      "discount_pct": 0,
      "image_url": null,
      "off_barcode": null,
      "group_id": null,
      "match_type": null,
      "match_confidence": null,
      "quantity_g": null,
      "quantity_ml": null,
      "price_per_kg": null,
      "price_per_l": null
    },
    {
      "id": 521,
      "name": "Parkside® Електрическа резачка",
      "store": "Kaufland",
      "price": 99.98,
      "old_price": null,
      "discount_pct": 0,
      "image_url": null,
      "off_barcode": null,
      "group_id": null,
      "match_type": null,
      "match_confidence": null,
      "quantity_g": null,
      "quantity_ml": null,
      "price_per_kg": null,
      "price_per_l": null
    },
    {
      "id": 3883,
      "name": "Parkside® Електрически тример",
      "store": "Kaufland",
      "price": 89.99,
      "old_price": null,
      "discount_pct": 0,
      "image_url": null,
      "off_barcode": null,
      "group_id": null,
      "match_type": null,
      "match_confidence": null,
      "quantity_g": null,
      "quantity_ml": null,
      "price_per_kg": null,
      "price_per_l": null
    },
    {
      "id": 5945,
      "name": "Parkside® Заваръчен шлем",
      "store": "Lidl",
      "price": 25.56,
      "old_price": null,
      "discount_pct": 0,
      "image_url": null,
      "off_barcode": null,
      "group_id": null,
      "match_type": null,
      "match_confidence": null,
      "quantity_g": null,
      "quantity_ml": null,
      "price_per_kg": null,
      "price_per_l": null
    },
    {
      "id": 5941,
      "name": "Parkside® Заваръчни дюзи, дюзи за горелка или заваръчна тел",
      "store": "Lidl",
      "price": 3.57,
      "old_price": null,
      "discount_pct": 0,
      "image_url": null,
      "off_barcode": null,
      "group_id": null,
      "match_type": null,
      "match_confidence": null,
      "quantity_g": null,
      "quantity_ml": null,
      "price_per_kg": null,
      "price_per_l": null
    },
    {
      "id": 4666,
      "name": "Parkside® Зарядно за батерии",
      "store": "Kaufland",
      "price": 19.99,
      "old_price": null,
      "discount_pct": 0,
      "image_url": null,
      "off_barcode": null,
      "group_id": null,
      "match_type": null,
      "match_confidence": null,
      "quantity_g": null,
      "quantity_ml": null,
      "price_per_kg": null,
      "price_per_l": null
    },
    {
      "id": 5940,
      "name": "Parkside® Инверторен телоподаващ заваръчен апарат",
      "store": "Lidl",
      "price": 92.03,
      "old_price": null,
      "discount_pct": 0,
      "image_url": null,
      "off_barcode": null,
      "group_id": null,
      "match_type": null,
      "match_confidence": null,
      "quantity_g": null,
      "quantity_ml": null,
      "price_per_kg": null,
      "price_per_l": null
    },
    {
      "id": 4612,
      "name": "Parkside® Комплект Замба\n358 части",
      "store": "Kaufland",
      "price": 24.98,
      "old_price": null,
      "discount_pct": 0,
      "image_url": null,
      "off_barcode": null,
      "group_id": null,
      "match_type": null,
      "match_confidence": null,
      "quantity_g": null,
      "quantity_ml": null,
      "price_per_kg": null,
      "price_per_l": null
    },
    {
      "id": 4607,
      "name": "Parkside® Комплект Направи си сам\nразлични видове",
      "store": "Kaufland",
      "price": 1.99,
      "old_price": null,
      "discount_pct": 0,
      "image_url": null,
      "off_barcode": null,
      "group_id": null,
      "match_type": null,
      "match_confidence": null,
      "quantity_g": null,
      "quantity_ml": null,
      "price_per_kg": null,
      "price_per_l": null
    },
    {
      "id": 4608,
      "name": "Parkside® Комплект битове\nразлични видове",
      "store": "Kaufland",
      "price": 4.99,
      "old_price": null,
      "discount_pct": 0,
      "image_url": null,
      "off_barcode": null,
      "group_id": null,
      "match_type": null,
      "match_confidence": null,
      "quantity_g": null,
      "quantity_ml": null,
      "price_per_kg": null,
      "price_per_l": null
    },
    {
      "id": 4610,
      "name": "Parkside® Комплект отвертки\n37 части",
      "store": "Kaufland",
      "price": 19.99,
      "old_price": null,
      "discount_pct": 0,
      "image_url": null,
      "off_barcode": null,
      "group_id": null,
      "match_type": null,
      "match_confidence": null,
      "quantity_g": null,
      "quantity_ml": null,
      "price_per_kg": null,
      "price_per_l": null
    },
    {
      "id": 3745,
      "name": "Parkside® Комплект четка с лопатка\nразлични видове",
      "store": "Kaufland",
      "price": 9.99,
      "old_price": null,
      "discount_pct": 0,
      "image_url": null,
      "off_barcode": null,
      "group_id": null,
      "match_type": null,
      "match_confidence": null,
      "quantity_g": null,
      "quantity_ml": null,
      "price_per_kg": null,
      "price_per_l": null
    },
    {
      "id": 4609,
      "name": "Parkside® Комплект четки\nразлични видове",
      "store": "Kaufland",
      "price": 2.99,
      "old_price": null,
      "discount_pct": 0,
      "image_url": null,
      "off_barcode": null,
      "group_id": null,
      "match_type": null,
      "match_confidence": null,
      "quantity_g": null,
      "quantity_ml": null,
      "price_per_kg": null,
      "price_per_l": null
    },
    {
      "id": 4673,
      "name": "Parkside® Лазер с кръстосани линии и\nстатив",
      "store": "Kaufland",
      "price": 39.98,
      "old_price": null,
      "discount_pct": 0,
      "image_url": null,
      "off_barcode": null,
      "group_id": null,
      "match_type": null,
      "match_confidence": null,
      "quantity_g": null,
      "quantity_ml": null,
      "price_per_kg": null,
      "price_per_l": null
    },
    {
      "id": 3884,
      "name": "Parkside® Лейка\n10 л",
      "store": "Kaufland",
      "price": 9.99,
      "old_price": null,
      "discount_pct": 0,
      "image_url": null,
      "off_barcode": null,
      "group_id": null,
      "match_type": null,
      "match_confidence": null,
      "quantity_g": null,
      "quantity_ml": 10000,
      "price_per_kg": null,
      "price_per_l": 1.0
    },
    {
      "id": 3828,
      "name": "Parkside® Магнити\nразлични видове",
      "store": "Kaufland",
      "price": 9.99,
      "old_price": null,
      "discount_pct": 0,
      "image_url": null,
      "off_barcode": null,
      "group_id": null,
      "match_type": null,
      "match_confidence": null,
      "quantity_g": null,
      "quantity_ml": null,
      "price_per_kg": null,
      "price_per_l": null
    },
    {
      "id": 5943,
      "name": "Parkside® Магнитни принадлежности",
      "store": "Lidl",
      "price": 2.55,
      "old_price": null,
      "discount_pct": 0,
      "image_url": null,
      "off_barcode": null,
      "group_id": null,
      "match_type": null,
      "match_confidence": null,
      "quantity_g": null,
      "quantity_ml": null,
      "price_per_kg": null,
      "price_per_l": null
    },
    {
      "id": 4668,
      "name": "Parkside® Мултифункционален уред за\nшлайфане",
      "store": "Kaufland",
      "price": 47.98,
      "old_price": null,
      "discount_pct": 0,
      "image_url": null,
      "off_barcode": null,
      "group_id": null,
      "match_type": null,
      "match_confidence": null,
      "quantity_g": null,
      "quantity_ml": null,
      "price_per_kg": null,
      "price_per_l": null
    },
    {
      "id": 4545,
      "name": "Parkside® Ножова дробилка PMH 2400 C3",
      "store": "Kaufland",
      "price": 189.99,
      "old_price": null,
      "discount_pct": 0,
      "image_url": null,
      "off_barcode": null,
      "group_id": null,
      "match_type": null,
      "match_confidence": null,
      "quantity_g": null,
      "quantity_ml": null,
      "price_per_kg": null,
      "price_per_l": null
    },
    {
      "id": 3833,
      "name": "Parkside® Перфоратор PBH 800 B1",
      "store": "Kaufland",
      "price": 76.98,
      "old_price": null,
      "discount_pct": 0,
      "image_url": null,
      "off_barcode": null,
      "group_id": null,
      "match_type": null,
      "match_confidence": null,
      "quantity_g": null,
      "quantity_ml": null,
      "price_per_kg": null,
      "price_per_l": null
    },
    {
      "id": 4669,
      "name": "Parkside® Пистолет с горещ силикон",
      "store": "Kaufland",
      "price": 19.99,
      "old_price": null,
      "discount_pct": 0,
      "image_url": null,
      "off_barcode": null,
      "group_id": null,
      "match_type": null,
      "match_confidence": null,
      "quantity_g": null,
      "quantity_ml": null,
      "price_per_kg": null,
      "price_per_l": null
    },
    {
      "id": 81,
      "name": "Parkside® Регулируем трион",
      "store": "Kaufland",
      "price": 5.98,
      "old_price": null,
      "discount_pct": 0,
      "image_url": null,
      "off_barcode": null,
      "group_id": null,
      "match_type": null,
      "match_confidence": null,
      "quantity_g": null,
      "quantity_ml": null,
      "price_per_kg": null,
      "price_per_l": null
    },
    {
      "id": 4611,
      "name": "Parkside® Сет клещи за фина механика\n4 бр.",
      "store": "Kaufland",
      "price": 9.99,
      "old_price": null,
      "discount_pct": 0,
      "image_url": null,
      "off_barcode": null,
      "group_id": null,
      "match_type": null,
      "match_confidence": null,
      "quantity_g": null,
      "quantity_ml": null,
      "price_per_kg": null,
      "price_per_l": null
    },
    {
      "id": 5944,
      "name": "Parkside® Спирални свредла",
      "store": "Lidl",
      "price": 8.69,
      "old_price": null,
      "discount_pct": 0,
      "image_url": null,
      "off_barcode": null,
      "group_id": null,
      "match_type": null,
      "match_confidence": null,
      "quantity_g": null,
      "quantity_ml": null,
      "price_per_kg": null,
      "price_per_l": null
    },
    {
      "id": 5939,
      "name": "Parkside® Станция за заточване",
      "store": "Lidl",
      "price": 19.42,
      "old_price": null,
      "discount_pct": 0,
      "image_url": null,
      "off_barcode": null,
      "group_id": null,
      "match_type": null,
      "match_confidence": null,
      "quantity_g": null,
      "quantity_ml": null,
      "price_per_kg": null,
      "price_per_l": null
    },
    {
      "id": 4599,
      "name": "Parkside® Уплътнители\nразлични видове",
      "store": "Kaufland",
      "price": 9.99,
      "old_price": null,
      "discount_pct": 0,
      "image_url": null,
      "off_barcode": null,
      "group_id": null,
      "match_type": null,
      "match_confidence": null,
      "quantity_g": null,
      "quantity_ml": null,
      "price_per_kg": null,
      "price_per_l": null
    },
    {
      "id": 4534,
      "name": "Parkside® Уред за заточване на\nвериги PSG 85 C2",
      "store": "Kaufland",
      "price": 44.98,
      "old_price": null,
      "discount_pct": 0,
      "image_url": null,
      "off_barcode": null,
      "group_id": null,
      "match_type": null,
      "match_confidence": null,
      "quantity_g": null,
      "quantity_ml": null,
      "price_per_kg": null,
      "price_per_l": null
    },
    {
      "id": 5970,
      "name": "Parkside® Шина за затягане и рязане",
      "store": "Lidl",
      "price": 8.18,
      "old_price": null,
      "discount_pct": 0,
      "image_url": null,
      "off_barcode": null,
      "group_id": null,
      "match_type": null,
      "match_confidence": null,
      "quantity_g": null,
      "quantity_ml": null,
      "price_per_kg": null,
      "price_per_l": null
    },
    {
      "id": 3831,
      "name": "Parkside® Шлифовъчни дискове\nразлични видове",
      "store": "Kaufland",
      "price": 5.98,
      "old_price": null,
      "discount_pct": 0,
      "image_url": null,
      "off_barcode": null,
      "group_id": null,
      "match_type": null,
      "match_confidence": null,
      "quantity_g": null,
      "quantity_ml": null,
      "price_per_kg": null,
      "price_per_l": null
    },
    {
      "id": 1303,
      "name": "Parodontax",
      "store": "Kaufland",
      "price": 2.86,
      "old_price": null,
      "discount_pct": 0,
      "image_url": null,
      "off_barcode": null,
      "group_id": null,
      "match_type": null,
      "match_confidence": null,
      "quantity_g": null,
      "quantity_ml": null,
      "price_per_kg": null,
      "price_per_l": null
    },
    {
      "id": 4403,
      "name": "Parodontax Паста или Четка за зъби\nразлични видове",
      "store": "Kaufland",
      "price": 5.59,
      "old_price": null,
      "discount_pct": 0,
      "image_url": null,
      "off_barcode": null,
      "group_id": null,
      "match_type": null,
      "match_confidence": null,
      "quantity_g": null,
      "quantity_ml": null,
      "price_per_kg": null,
      "price_per_l": null
    },
    {
      "id": 1302,
      "name": "Parоdontax",
      "store": "Kaufland",
      "price": 2.86,
      "old_price": null,
      "discount_pct": 0,
      "image_url": null,
      "off_barcode": null,
      "group_id": null,
      "match_type": null,
      "match_confidence": null,
      "quantity_g": null,
      "quantity_ml": null,
      "price_per_kg": null,
      "price_per_l": null
    },
    {
      "id": 383,
      "name": "Parоdontax Паста за зъби\nили Четка за зъби",
      "store": "Kaufland",
      "price": 5.59,
      "old_price": null,
      "discount_pct": 0,
      "image_url": null,
      "off_barcode": null,
      "group_id": null,
      "match_type": null,
      "match_confidence": null,
      "quantity_g": null,
      "quantity_ml": null,
      "price_per_kg": null,
      "price_per_l": null
    },
    {
      "id": 384,
      "name": "Parоdontax Паста за зъби\nразлични видове",
      "store": "Kaufland",
      "price": 5.59,
      "old_price": null,
      "discount_pct": 0,
      "image_url": null,
      "off_barcode": null,
      "group_id": null,
      "match_type": null,
      "match_confidence": null,
      "quantity_g": null,
      "quantity_ml": null,
      "price_per_kg": null,
      "price_per_l": null
    },
    {
      "id": 1044,
      "name": "Penelope",
      "store": "Kaufland",
      "price": 3.57,
      "old_price": null,
      "discount_pct": 0,
      "image_url": null,
      "off_barcode": null,
      "group_id": null,
      "match_type": null,
      "match_confidence": null,
      "quantity_g": null,
      "quantity_ml": null,
      "price_per_kg": null,
      "price_per_l": null
    },
    {
      "id": 5770,
      "name": "Penelope Прясно патешко бутче",
      "store": "Lidl",
      "price": 7.66,
      "old_price": null,
      "discount_pct": 0,
      "image_url": null,
      "off_barcode": null,
      "group_id": null,
      "match_type": null,
      "match_confidence": null,
      "quantity_g": null,
      "quantity_ml": null,
      "price_per_kg": null,
      "price_per_l": null
    },
    {
      "id": 4284,
      "name": "Penelope Цяла патица\nохладена",
      "store": "Kaufland",
      "price": 6.98,
      "old_price": null,
      "discount_pct": 0,
      "image_url": null,
      "off_barcode": null,
      "group_id": null,
      "match_type": null,
      "match_confidence": null,
      "quantity_g": null,
      "quantity_ml": null,
      "price_per_kg": null,
      "price_per_l": null
    },
    {
      "id": 5860,
      "name": "Pepsi или Mirinda Газирана безалкохолна напитка",
      "store": "Lidl",
      "price": 0.71,
      "old_price": null,
      "discount_pct": 0,
      "image_url": null,
      "off_barcode": null,
      "group_id": null,
      "match_type": null,
      "match_confidence": null,
      "quantity_g": null,
      "quantity_ml": null,
      "price_per_kg": null,
      "price_per_l": null
    },
    {
      "id": 1337,
      "name": "Peros",
      "store": "Kaufland",
      "price": 8.17,
      "old_price": null,
      "discount_pct": 0,
      "image_url": null,
      "off_barcode": null,
      "group_id": null,
      "match_type": null,
      "match_confidence": null,
      "quantity_g": null,
      "quantity_ml": null,
      "price_per_kg": null,
      "price_per_l": null
    },
    {
      "id": 419,
      "name": "Peros Прах\nразлични видове",
      "store": "Kaufland",
      "price": 15.98,
      "old_price": null,
      "discount_pct": 0,
      "image_url": null,
      "off_barcode": null,
      "group_id": null,
      "match_type": null,
      "match_confidence": null,
      "quantity_g": null,
      "quantity_ml": null,
      "price_per_kg": null,
      "price_per_l": null
    },
    {
      "id": 1331,
      "name": "Persil",
      "store": "Kaufland",
      "price": 17.33,
      "old_price": null,
      "discount_pct": 0,
      "image_url": null,
      "off_barcode": null,
      "group_id": null,
      "match_type": null,
      "match_confidence": null,
      "quantity_g": null,
      "quantity_ml": null,
      "price_per_kg": null,
      "price_per_l": null
    },
    {
      "id": 413,
      "name": "Persil Гел или Капсули\nразлични видове",
      "store": "Kaufland",
      "price": 33.89,
      "old_price": null,
      "discount_pct": 0,
      "image_url": null,
      "off_barcode": null,
      "group_id": null,
      "match_type": null,
      "match_confidence": null,
      "quantity_g": null,
      "quantity_ml": null,
      "price_per_kg": null,
      "price_per_l": null
    },
    {
      "id": 412,
      "name": "Persil Гел или Капсули за пране\nразлични видове",
      "store": "Kaufland",
      "price": 33.89,
      "old_price": null,
      "discount_pct": 0,
      "image_url": null,
      "off_barcode": null,
      "group_id": null,
      "match_type": null,
      "match_confidence": null,
      "quantity_g": null,
      "quantity_ml": null,
      "price_per_kg": null,
      "price_per_l": null
    },
    {
      "id": 5808,
      "name": "Philadelphia Крем сирене",
      "store": "Lidl",
      "price": 2.55,
      "old_price": null,
      "discount_pct": 0,
      "image_url": null,
      "off_barcode": null,
      "group_id": null,
      "match_type": null,
      "match_confidence": null,
      "quantity_g": null,
      "quantity_ml": null,
      "price_per_kg": null,
      "price_per_l": null
    },
    {
      "id": 1417,
      "name": "Philips One Blade",
      "store": "Kaufland",
      "price": 17.89,
      "old_price": null,
      "discount_pct": 0,
      "image_url": null,
      "off_barcode": null,
      "group_id": null,
      "match_type": null,
      "match_confidence": null,
      "quantity_g": null,
      "quantity_ml": null,
      "price_per_kg": null,
      "price_per_l": null
    },
    {
      "id": 499,
      "name": "Philips One Blade Самобръсначка QP1424/20",
      "store": "Kaufland",
      "price": 34.99,
      "old_price": null,
      "discount_pct": 0,
      "image_url": null,
      "off_barcode": null,
      "group_id": null,
      "match_type": null,
      "match_confidence": null,
      "quantity_g": null,
      "quantity_ml": null,
      "price_per_kg": null,
      "price_per_l": null
    },
    {
      "id": 5861,
      "name": "Pirin Spring Изворна вода",
      "store": "Lidl",
      "price": 0.35,
      "old_price": null,
      "discount_pct": 0,
      "image_url": null,
      "off_barcode": null,
      "group_id": null,
      "match_type": null,
      "match_confidence": null,
      "quantity_g": null,
      "quantity_ml": null,
      "price_per_kg": null,
      "price_per_l": null
    },
    {
      "id": 1205,
      "name": "Popz",
      "store": "Kaufland",
      "price": 2.8,
      "old_price": null,
      "discount_pct": 0,
      "image_url": null,
      "off_barcode": null,
      "group_id": null,
      "match_type": null,
      "match_confidence": null,
      "quantity_g": null,
      "quantity_ml": null,
      "price_per_kg": null,
      "price_per_l": null
    },
    {
      "id": 4345,
      "name": "Popz Пуканки за микровълнова",
      "store": "Kaufland",
      "price": 5.48,
      "old_price": null,
      "discount_pct": 0,
      "image_url": null,
      "off_barcode": null,
      "group_id": null,
      "match_type": null,
      "match_confidence": null,
      "quantity_g": null,
      "quantity_ml": null,
      "price_per_kg": null,
      "price_per_l": null
    },
    {
      "id": 3709,
      "name": "Princess Машина за хотдог",
      "store": "Kaufland",
      "price": 39.98,
      "old_price": null,
      "discount_pct": 0,
      "image_url": null,
      "off_barcode": null,
      "group_id": null,
      "match_type": null,
      "match_confidence": null,
      "quantity_g": null,
      "quantity_ml": null,
      "price_per_kg": null,
      "price_per_l": null
    },
    {
      "id": 1274,
      "name": "Prisun",
      "store": "Kaufland",
      "price": 1.12,
      "old_price": null,
      "discount_pct": 0,
      "image_url": null,
      "off_barcode": null,
      "group_id": null,
      "match_type": null,
      "match_confidence": null,
      "quantity_g": null,
      "quantity_ml": null,
      "price_per_kg": null,
      "price_per_l": null
    },
    {
      "id": 5716,
      "name": "Prisun Безалкохолна напитка",
      "store": "Lidl",
      "price": 0.92,
      "old_price": null,
      "discount_pct": 0,
      "image_url": null,
      "off_barcode": null,
      "group_id": null,
      "match_type": null,
      "match_confidence": null,
      "quantity_g": null,
      "quantity_ml": null,
      "price_per_kg": null,
      "price_per_l": null
    },
    {
      "id": 356,
      "name": "Prisun Плодова напитка\nразлични видове",
      "store": "Kaufland",
      "price": 2.19,
      "old_price": null,
      "discount_pct": 0,
      "image_url": null,
      "off_barcode": null,
      "group_id": null,
      "match_type": null,
      "match_confidence": null,
      "quantity_g": null,
      "quantity_ml": null,
      "price_per_kg": null,
      "price_per_l": null
    },
    {
      "id": 1357,
      "name": "Pufies",
      "store": "Kaufland",
      "price": 16.87,
      "old_price": null,
      "discount_pct": 0,
      "image_url": null,
      "off_barcode": null,
      "group_id": null,
      "match_type": null,
      "match_confidence": null,
      "quantity_g": null,
      "quantity_ml": null,
      "price_per_kg": null,
      "price_per_l": null
    },
    {
      "id": 4510,
      "name": "Pufies Пелени или Гащички",
      "store": "Kaufland",
      "price": 32.99,
      "old_price": null,
      "discount_pct": 0,
      "image_url": null,
      "off_barcode": null,
      "group_id": null,
      "match_type": null,
      "match_confidence": null,
      "quantity_g": null,
      "quantity_ml": null,
      "price_per_kg": null,
      "price_per_l": null
    },
    {
      "id": 1369,
      "name": "Pur",
      "store": "Kaufland",
      "price": 1.63,
      "old_price": null,
      "discount_pct": 0,
      "image_url": null,
      "off_barcode": null,
      "group_id": null,
      "match_type": null,
      "match_confidence": null,
      "quantity_g": null,
      "quantity_ml": null,
      "price_per_kg": null,
      "price_per_l": null
    },
    {
      "id": 4515,
      "name": "Pur Препарат за съдове\nразлични видове",
      "store": "Kaufland",
      "price": 3.19,
      "old_price": null,
      "discount_pct": 0,
      "image_url": null,
      "off_barcode": null,
      "group_id": null,
      "match_type": null,
      "match_confidence": null,
      "quantity_g": null,
      "quantity_ml": null,
      "price_per_kg": null,
      "price_per_l": null
    },
    {
      "id": 3701,
      "name": "Purina One Суха храна за котки / кучета\nразлични видове",
      "store": "Kaufland",
      "price": 8.68,
      "old_price": null,
      "discount_pct": 0,
      "image_url": null,
      "off_barcode": null,
      "group_id": null,
      "match_type": null,
      "match_confidence": null,
      "quantity_g": null,
      "quantity_ml": null,
      "price_per_kg": null,
      "price_per_l": null
    },
    {
      "id": 3798,
      "name": "Pyrex Форма за печене Iconics\n35 х 35 см",
      "store": "Kaufland",
      "price": 7.49,
      "old_price": null,
      "discount_pct": 0,
      "image_url": null,
      "off_barcode": null,
      "group_id": null,
      "match_type": null,
      "match_confidence": null,
      "quantity_g": null,
      "quantity_ml": null,
      "price_per_kg": null,
      "price_per_l": null
    },
    {
      "id": 5863,
      "name": "Queen’s Плодова напитка",
      "store": "Lidl",
      "price": 1.22,
      "old_price": null,
      "discount_pct": 0,
      "image_url": null,
      "off_barcode": null,
      "group_id": null,
      "match_type": null,
      "match_confidence": null,
      "quantity_g": null,
      "quantity_ml": null,
      "price_per_kg": null,
      "price_per_l": null
    },
    {
      "id": 5880,
      "name": "Raffaello Бонбони",
      "store": "Lidl",
      "price": 5.11,
      "old_price": null,
      "discount_pct": 0,
      "image_url": null,
      "off_barcode": null,
      "group_id": "g_8e296a06",
      "match_type": "name_similarity",
      "match_confidence": 1.0,
      "quantity_g": null,
      "quantity_ml": null,
      "price_per_kg": null,
      "price_per_l": null
    },
    {
      "id": 5844,
      "name": "Red Bull Eнергийна напитка",
      "store": "Lidl",
      "price": 3.83,
      "old_price": null,
      "discount_pct": 0,
      "image_url": null,
      "off_barcode": null,
      "group_id": null,
      "match_type": null,
      "match_confidence": null,
      "quantity_g": null,
      "quantity_ml": null,
      "price_per_kg": null,
      "price_per_l": null
    },
    {
      "id": 1304,
      "name": "Rexona",
      "store": "Kaufland",
      "price": 2.55,
      "old_price": null,
      "discount_pct": 0,
      "image_url": null,
      "off_barcode": null,
      "group_id": null,
      "match_type": null,
      "match_confidence": null,
      "quantity_g": null,
      "quantity_ml": null,
      "price_per_kg": null,
      "price_per_l": null
    },
    {
      "id": 4404,
      "name": "Rexona Дезодорант\nразлични видове",
      "store": "Kaufland",
      "price": 4.99,
      "old_price": null,
      "discount_pct": 0,
      "image_url": null,
      "off_barcode": null,
      "group_id": null,
      "match_type": null,
      "match_confidence": null,
      "quantity_g": null,
      "quantity_ml": null,
      "price_per_kg": null,
      "price_per_l": null
    },
    {
      "id": 4405,
      "name": "Rexona Део спрей\nразлични видове",
      "store": "Kaufland",
      "price": 4.99,
      "old_price": null,
      "discount_pct": 0,
      "image_url": null,
      "off_barcode": null,
      "group_id": null,
      "match_type": null,
      "match_confidence": null,
      "quantity_g": null,
      "quantity_ml": null,
      "price_per_kg": null,
      "price_per_l": null
    },
    {
      "id": 4406,
      "name": "Rexona Деоспрей\nразлични видове",
      "store": "Kaufland",
      "price": 4.99,
      "old_price": null,
      "discount_pct": 0,
      "image_url": null,
      "off_barcode": null,
      "group_id": null,
      "match_type": null,
      "match_confidence": null,
      "quantity_g": null,
      "quantity_ml": null,
      "price_per_kg": null,
      "price_per_l": null
    },
    {
      "id": 4521,
      "name": "Rexona Деоспрей Advanced Protection\nразлични видове",
      "store": "Kaufland",
      "price": 5.59,
      "old_price": null,
      "discount_pct": 0,
      "image_url": null,
      "off_barcode": null,
      "group_id": null,
      "match_type": null,
      "match_confidence": null,
      "quantity_g": null,
      "quantity_ml": null,
      "price_per_kg": null,
      "price_per_l": null
    },
    {
      "id": 1198,
      "name": "Roshen",
      "store": "Kaufland",
      "price": 4.85,
      "old_price": null,
      "discount_pct": 0,
      "image_url": null,
      "off_barcode": null,
      "group_id": null,
      "match_type": null,
      "match_confidence": null,
      "quantity_g": null,
      "quantity_ml": null,
      "price_per_kg": null,
      "price_per_l": null
    },
    {
      "id": 5881,
      "name": "Roshen Бонбони",
      "store": "Lidl",
      "price": 2.55,
      "old_price": null,
      "discount_pct": 0,
      "image_url": null,
      "off_barcode": null,
      "group_id": null,
      "match_type": null,
      "match_confidence": null,
      "quantity_g": null,
      "quantity_ml": null,
      "price_per_kg": null,
      "price_per_l": null
    },
    {
      "id": 287,
      "name": "Roshen Вафли Johnny Krocker\nразлични видове",
      "store": "Kaufland",
      "price": 9.49,
      "old_price": null,
      "discount_pct": 0,
      "image_url": null,
      "off_barcode": null,
      "group_id": null,
      "match_type": null,
      "match_confidence": null,
      "quantity_g": null,
      "quantity_ml": null,
      "price_per_kg": null,
      "price_per_l": null
    },
    {
      "id": 4341,
      "name": "Roshen Шоколадови бонбони",
      "store": "Kaufland",
      "price": 9.49,
      "old_price": null,
      "discount_pct": 0,
      "image_url": null,
      "off_barcode": null,
      "group_id": null,
      "match_type": null,
      "match_confidence": null,
      "quantity_g": null,
      "quantity_ml": null,
      "price_per_kg": null,
      "price_per_l": null
    },
    {
      "id": 4617,
      "name": "Rowenta Прахосмукачка RO2910EA",
      "store": "Kaufland",
      "price": 139.9,
      "old_price": null,
      "discount_pct": 0,
      "image_url": null,
      "off_barcode": null,
      "group_id": null,
      "match_type": null,
      "match_confidence": null,
      "quantity_g": null,
      "quantity_ml": null,
      "price_per_kg": null,
      "price_per_l": null
    },
    {
      "id": 4262,
      "name": "SPICE&SOUL Kутии\n5 бр.",
      "store": "Kaufland",
      "price": 5.98,
      "old_price": null,
      "discount_pct": 0,
      "image_url": null,
      "off_barcode": null,
      "group_id": null,
      "match_type": null,
      "match_confidence": null,
      "quantity_g": null,
      "quantity_ml": null,
      "price_per_kg": null,
      "price_per_l": null
    },
    {
      "id": 4263,
      "name": "SPICE&SOUL Кутии с капак\n3 бр.",
      "store": "Kaufland",
      "price": 6.98,
      "old_price": null,
      "discount_pct": 0,
      "image_url": null,
      "off_barcode": null,
      "group_id": null,
      "match_type": null,
      "match_confidence": null,
      "quantity_g": null,
      "quantity_ml": null,
      "price_per_kg": null,
      "price_per_l": null
    },
    {
      "id": 4264,
      "name": "SPICE&SOUL Кутии с капак\\n3 бр.",
      "store": "Kaufland",
      "price": 5.98,
      "old_price": null,
      "discount_pct": 0,
      "image_url": null,
      "off_barcode": null,
      "group_id": null,
      "match_type": null,
      "match_confidence": null,
      "quantity_g": null,
      "quantity_ml": null,
      "price_per_kg": null,
      "price_per_l": null
    },
    {
      "id": 3786,
      "name": "SPICE&SOUL Кухненски кърпи\n50 x 70 см",
      "store": "Kaufland",
      "price": 12.99,
      "old_price": null,
      "discount_pct": 0,
      "image_url": null,
      "off_barcode": null,
      "group_id": null,
      "match_type": null,
      "match_confidence": null,
      "quantity_g": null,
      "quantity_ml": null,
      "price_per_kg": null,
      "price_per_l": null
    },
    {
      "id": 3787,
      "name": "SPICE&SOUL Кухненски кърпи\\n50 x 70 см",
      "store": "Kaufland",
      "price": 12.99,
      "old_price": null,
      "discount_pct": 0,
      "image_url": null,
      "off_barcode": null,
      "group_id": null,
      "match_type": null,
      "match_confidence": null,
      "quantity_g": null,
      "quantity_ml": null,
      "price_per_kg": null,
      "price_per_l": null
    },
    {
      "id": 4271,
      "name": "SPICE&SOUL Органайзер за кухненска\nмивка",
      "store": "Kaufland",
      "price": 6.98,
      "old_price": null,
      "discount_pct": 0,
      "image_url": null,
      "off_barcode": null,
      "group_id": null,
      "match_type": null,
      "match_confidence": null,
      "quantity_g": null,
      "quantity_ml": null,
      "price_per_kg": null,
      "price_per_l": null
    },
    {
      "id": 4258,
      "name": "SPICE&SOUL Органайзер за кухня\nразлични размери",
      "store": "Kaufland",
      "price": 4.99,
      "old_price": null,
      "discount_pct": 0,
      "image_url": null,
      "off_barcode": null,
      "group_id": null,
      "match_type": null,
      "match_confidence": null,
      "quantity_g": null,
      "quantity_ml": null,
      "price_per_kg": null,
      "price_per_l": null
    },
    {
      "id": 4270,
      "name": "SPICE&SOUL Съд за отцеждане",
      "store": "Kaufland",
      "price": 6.98,
      "old_price": null,
      "discount_pct": 0,
      "image_url": null,
      "off_barcode": null,
      "group_id": null,
      "match_type": null,
      "match_confidence": null,
      "quantity_g": null,
      "quantity_ml": null,
      "price_per_kg": null,
      "price_per_l": null
    },
    {
      "id": 3752,
      "name": "SPICE&SOUL Термос\n0,5 л",
      "store": "Kaufland",
      "price": 7.98,
      "old_price": null,
      "discount_pct": 0,
      "image_url": null,
      "off_barcode": null,
      "group_id": null,
      "match_type": null,
      "match_confidence": null,
      "quantity_g": null,
      "quantity_ml": 500,
      "price_per_kg": null,
      "price_per_l": 15.96
    },
    {
      "id": 3751,
      "name": "SPICE&SOUL Термос\\n0,5 л",
      "store": "Kaufland",
      "price": 2.99,
      "old_price": null,
      "discount_pct": 0,
      "image_url": null,
      "off_barcode": null,
      "group_id": null,
      "match_type": null,
      "match_confidence": null,
      "quantity_g": null,
      "quantity_ml": 500,
      "price_per_kg": null,
      "price_per_l": 5.98
    },
    {
      "id": 3755,
      "name": "SPICE&SOUL Тиган за палачинки\nразлични видове",
      "store": "Kaufland",
      "price": 22.98,
      "old_price": null,
      "discount_pct": 0,
      "image_url": null,
      "off_barcode": null,
      "group_id": null,
      "match_type": null,
      "match_confidence": null,
      "quantity_g": null,
      "quantity_ml": null,
      "price_per_kg": null,
      "price_per_l": null
    },
    {
      "id": 3754,
      "name": "SPICE&SOUL Тиган за палачинки\\nразлични видове",
      "store": "Kaufland",
      "price": 7.98,
      "old_price": null,
      "discount_pct": 0,
      "image_url": null,
      "off_barcode": null,
      "group_id": null,
      "match_type": null,
      "match_confidence": null,
      "quantity_g": null,
      "quantity_ml": null,
      "price_per_kg": null,
      "price_per_l": null
    },
    {
      "id": 1290,
      "name": "STR8",
      "store": "Kaufland",
      "price": 6.64,
      "old_price": null,
      "discount_pct": 0,
      "image_url": null,
      "off_barcode": null,
      "group_id": null,
      "match_type": null,
      "match_confidence": null,
      "quantity_g": null,
      "quantity_ml": null,
      "price_per_kg": null,
      "price_per_l": null
    },
    {
      "id": 4381,
      "name": "STR8 Тоалетна вода",
      "store": "Kaufland",
      "price": 12.99,
      "old_price": null,
      "discount_pct": 0,
      "image_url": null,
      "off_barcode": null,
      "group_id": null,
      "match_type": null,
      "match_confidence": null,
      "quantity_g": null,
      "quantity_ml": null,
      "price_per_kg": null,
      "price_per_l": null
    },
    {
      "id": 4380,
      "name": "STR8 Тоалетна вода\nWild Beat",
      "store": "Kaufland",
      "price": 12.99,
      "old_price": null,
      "discount_pct": 0,
      "image_url": null,
      "off_barcode": null,
      "group_id": null,
      "match_type": null,
      "match_confidence": null,
      "quantity_g": null,
      "quantity_ml": null,
      "price_per_kg": null,
      "price_per_l": null
    },
    {
      "id": 371,
      "name": "STR8 Тоалетна вода\nразлични аромати",
      "store": "Kaufland",
      "price": 12.99,
      "old_price": null,
      "discount_pct": 0,
      "image_url": null,
      "off_barcode": null,
      "group_id": null,
      "match_type": null,
      "match_confidence": null,
      "quantity_g": null,
      "quantity_ml": null,
      "price_per_kg": null,
      "price_per_l": null
    },
    {
      "id": 3712,
      "name": "SWITCH ON Електрически спрей моп",
      "store": "Kaufland",
      "price": 79.99,
      "old_price": null,
      "discount_pct": 0,
      "image_url": null,
      "off_barcode": null,
      "group_id": null,
      "match_type": null,
      "match_confidence": null,
      "quantity_g": null,
      "quantity_ml": null,
      "price_per_kg": null,
      "price_per_l": null
    },
    {
      "id": 3710,
      "name": "SWITCH ON Машина за пуканки",
      "store": "Kaufland",
      "price": 29.98,
      "old_price": null,
      "discount_pct": 0,
      "image_url": null,
      "off_barcode": null,
      "group_id": null,
      "match_type": null,
      "match_confidence": null,
      "quantity_g": null,
      "quantity_ml": null,
      "price_per_kg": null,
      "price_per_l": null
    },
    {
      "id": 3721,
      "name": "SWITCH ON Нагревател за бюфет SBW 300",
      "store": "Kaufland",
      "price": 59.99,
      "old_price": null,
      "discount_pct": 0,
      "image_url": null,
      "off_barcode": null,
      "group_id": null,
      "match_type": null,
      "match_confidence": null,
      "quantity_g": null,
      "quantity_ml": null,
      "price_per_kg": null,
      "price_per_l": null
    },
    {
      "id": 3708,
      "name": "SWITCH ON Смути блендер SOSMA",
      "store": "Kaufland",
      "price": 26.99,
      "old_price": null,
      "discount_pct": 0,
      "image_url": null,
      "off_barcode": null,
      "group_id": null,
      "match_type": null,
      "match_confidence": null,
      "quantity_g": null,
      "quantity_ml": null,
      "price_per_kg": null,
      "price_per_l": null
    },
    {
      "id": 3723,
      "name": "SWITCH ON Стъклена кана за вода",
      "store": "Kaufland",
      "price": 49.99,
      "old_price": null,
      "discount_pct": 0,
      "image_url": null,
      "off_barcode": null,
      "group_id": null,
      "match_type": null,
      "match_confidence": null,
      "quantity_g": null,
      "quantity_ml": null,
      "price_per_kg": null,
      "price_per_l": null
    },
    {
      "id": 3720,
      "name": "SWITCH ON Чопър 2 в 1 EDS SOZE 200",
      "store": "Kaufland",
      "price": 29.98,
      "old_price": null,
      "discount_pct": 0,
      "image_url": null,
      "off_barcode": null,
      "group_id": null,
      "match_type": null,
      "match_confidence": null,
      "quantity_g": null,
      "quantity_ml": null,
      "price_per_kg": null,
      "price_per_l": null
    },
    {
      "id": 5900,
      "name": "Sapori dei Monasteri Сладко жито",
      "store": "Lidl",
      "price": 1.02,
      "old_price": null,
      "discount_pct": 0,
      "image_url": null,
      "off_barcode": null,
      "group_id": null,
      "match_type": null,
      "match_confidence": null,
      "quantity_g": null,
      "quantity_ml": null,
      "price_per_kg": null,
      "price_per_l": null
    },
    {
      "id": 1321,
      "name": "Savex",
      "store": "Kaufland",
      "price": 7.15,
      "old_price": null,
      "discount_pct": 0,
      "image_url": null,
      "off_barcode": null,
      "group_id": null,
      "match_type": null,
      "match_confidence": null,
      "quantity_g": null,
      "quantity_ml": null,
      "price_per_kg": null,
      "price_per_l": null
    },
    {
      "id": 4429,
      "name": "Savex Гел или Капсули за пране",
      "store": "Kaufland",
      "price": 13.98,
      "old_price": null,
      "discount_pct": 0,
      "image_url": null,
      "off_barcode": null,
      "group_id": null,
      "match_type": null,
      "match_confidence": null,
      "quantity_g": null,
      "quantity_ml": null,
      "price_per_kg": null,
      "price_per_l": null
    },
    {
      "id": 3585,
      "name": "Savex Гел, Прах или Капсули\nразлични видове",
      "store": "Kaufland",
      "price": 18.99,
      "old_price": null,
      "discount_pct": 0,
      "image_url": null,
      "off_barcode": null,
      "group_id": null,
      "match_type": null,
      "match_confidence": null,
      "quantity_g": null,
      "quantity_ml": null,
      "price_per_kg": null,
      "price_per_l": null
    },
    {
      "id": 402,
      "name": "Savex Прах, Гел или Капсули\nизбрани видове",
      "store": "Kaufland",
      "price": 13.98,
      "old_price": null,
      "discount_pct": 0,
      "image_url": null,
      "off_barcode": null,
      "group_id": null,
      "match_type": null,
      "match_confidence": null,
      "quantity_g": null,
      "quantity_ml": null,
      "price_per_kg": null,
      "price_per_l": null
    },
    {
      "id": 4059,
      "name": "Savex Прах/ Капсули/ Гел за пране\nразлични видове",
      "store": "Kaufland",
      "price": 8.98,
      "old_price": null,
      "discount_pct": 0,
      "image_url": null,
      "off_barcode": null,
      "group_id": null,
      "match_type": null,
      "match_confidence": null,
      "quantity_g": null,
      "quantity_ml": null,
      "price_per_kg": null,
      "price_per_l": null
    },
    {
      "id": 5824,
      "name": "Schwarzkopf Gliss Шампоан",
      "store": "Lidl",
      "price": 3.83,
      "old_price": null,
      "discount_pct": 0,
      "image_url": null,
      "off_barcode": null,
      "group_id": null,
      "match_type": null,
      "match_confidence": null,
      "quantity_g": null,
      "quantity_ml": null,
      "price_per_kg": null,
      "price_per_l": null
    },
    {
      "id": 1301,
      "name": "Semana",
      "store": "Kaufland",
      "price": 4.59,
      "old_price": null,
      "discount_pct": 0,
      "image_url": null,
      "off_barcode": null,
      "group_id": null,
      "match_type": null,
      "match_confidence": null,
      "quantity_g": null,
      "quantity_ml": null,
      "price_per_kg": null,
      "price_per_l": null
    },
    {
      "id": 3680,
      "name": "Semana Омекотител\nразлични видове",
      "store": "Kaufland",
      "price": 12.99,
      "old_price": null,
      "discount_pct": 0,
      "image_url": null,
      "off_barcode": null,
      "group_id": null,
      "match_type": null,
      "match_confidence": null,
      "quantity_g": null,
      "quantity_ml": null,
      "price_per_kg": null,
      "price_per_l": null
    },
    {
      "id": 4402,
      "name": "Semana Омекотител Extra Fresh\nBright Sky",
      "store": "Kaufland",
      "price": 8.98,
      "old_price": null,
      "discount_pct": 0,
      "image_url": null,
      "off_barcode": null,
      "group_id": null,
      "match_type": null,
      "match_confidence": null,
      "quantity_g": null,
      "quantity_ml": null,
      "price_per_kg": null,
      "price_per_l": null
    },
    {
      "id": 1309,
      "name": "Sensodyne",
      "store": "Kaufland",
      "price": 2.96,
      "old_price": null,
      "discount_pct": 0,
      "image_url": null,
      "off_barcode": null,
      "group_id": null,
      "match_type": null,
      "match_confidence": null,
      "quantity_g": null,
      "quantity_ml": null,
      "price_per_kg": null,
      "price_per_l": null
    },
    {
      "id": 390,
      "name": "Sensodyne Паста за зъби\nразлични видове",
      "store": "Kaufland",
      "price": 5.79,
      "old_price": null,
      "discount_pct": 0,
      "image_url": null,
      "off_barcode": null,
      "group_id": null,
      "match_type": null,
      "match_confidence": null,
      "quantity_g": null,
      "quantity_ml": null,
      "price_per_kg": null,
      "price_per_l": null
    },
    {
      "id": 4413,
      "name": "Sensodyne Паста за зъби/ Четка за зъби\nразлични видове",
      "store": "Kaufland",
      "price": 5.79,
      "old_price": null,
      "discount_pct": 0,
      "image_url": null,
      "off_barcode": null,
      "group_id": null,
      "match_type": null,
      "match_confidence": null,
      "quantity_g": null,
      "quantity_ml": null,
      "price_per_kg": null,
      "price_per_l": null
    },
    {
      "id": 4412,
      "name": "Sensodyne Паста или Четка за зъби\nразлични видове",
      "store": "Kaufland",
      "price": 5.79,
      "old_price": null,
      "discount_pct": 0,
      "image_url": null,
      "off_barcode": null,
      "group_id": null,
      "match_type": null,
      "match_confidence": null,
      "quantity_g": null,
      "quantity_ml": null,
      "price_per_kg": null,
      "price_per_l": null
    },
    {
      "id": 4414,
      "name": "Sensodyne Четка за зъби\nSensitivity&Gum",
      "store": "Kaufland",
      "price": 5.79,
      "old_price": null,
      "discount_pct": 0,
      "image_url": null,
      "off_barcode": null,
      "group_id": null,
      "match_type": null,
      "match_confidence": null,
      "quantity_g": null,
      "quantity_ml": null,
      "price_per_kg": null,
      "price_per_l": null
    },
    {
      "id": 3820,
      "name": "Seoul Кошница\n3 бр.",
      "store": "Kaufland",
      "price": 3.99,
      "old_price": null,
      "discount_pct": 0,
      "image_url": null,
      "off_barcode": null,
      "group_id": null,
      "match_type": null,
      "match_confidence": null,
      "quantity_g": null,
      "quantity_ml": null,
      "price_per_kg": null,
      "price_per_l": null
    },
    {
      "id": 5867,
      "name": "Sheba Пауч за котки",
      "store": "Lidl",
      "price": 2.29,
      "old_price": null,
      "discount_pct": 0,
      "image_url": null,
      "off_barcode": null,
      "group_id": null,
      "match_type": null,
      "match_confidence": null,
      "quantity_g": null,
      "quantity_ml": null,
      "price_per_kg": null,
      "price_per_l": null
    },
    {
      "id": 5998,
      "name": "Silvercrest® 2 в 1 акумулаторна прахосмукачка",
      "store": "Lidl",
      "price": 81.8,
      "old_price": null,
      "discount_pct": 0,
      "image_url": null,
      "off_barcode": null,
      "group_id": null,
      "match_type": null,
      "match_confidence": null,
      "quantity_g": null,
      "quantity_ml": null,
      "price_per_kg": null,
      "price_per_l": null
    },
    {
      "id": 5988,
      "name": "Silvercrest® Kitchen Tools 9 в 1 Еър Фрайър",
      "store": "Lidl",
      "price": 86.91,
      "old_price": null,
      "discount_pct": 0,
      "image_url": null,
      "off_barcode": null,
      "group_id": null,
      "match_type": null,
      "match_confidence": null,
      "quantity_g": null,
      "quantity_ml": null,
      "price_per_kg": null,
      "price_per_l": null
    },
    {
      "id": 6000,
      "name": "Silvercrest® Акумулаторна перяща прахосмукачка",
      "store": "Lidl",
      "price": 86.91,
      "old_price": null,
      "discount_pct": 0,
      "image_url": null,
      "off_barcode": null,
      "group_id": null,
      "match_type": null,
      "match_confidence": null,
      "quantity_g": null,
      "quantity_ml": null,
      "price_per_kg": null,
      "price_per_l": null
    },
    {
      "id": 5990,
      "name": "Silvercrest® Алуминиев тиган",
      "store": "Lidl",
      "price": 15.33,
      "old_price": null,
      "discount_pct": 0,
      "image_url": null,
      "off_barcode": null,
      "group_id": null,
      "match_type": null,
      "match_confidence": null,
      "quantity_g": null,
      "quantity_ml": null,
      "price_per_kg": null,
      "price_per_l": null
    },
    {
      "id": 577,
      "name": "Silvercrest® Алуминиев уок тиган",
      "store": "Lidl",
      "price": 15.33,
      "old_price": null,
      "discount_pct": 0,
      "image_url": null,
      "off_barcode": null,
      "group_id": null,
      "match_type": null,
      "match_confidence": null,
      "quantity_g": null,
      "quantity_ml": null,
      "price_per_kg": null,
      "price_per_l": null
    },
    {
      "id": 572,
      "name": "Silvercrest® Блендер",
      "store": "Lidl",
      "price": 35.78,
      "old_price": null,
      "discount_pct": 0,
      "image_url": null,
      "off_barcode": null,
      "group_id": null,
      "match_type": null,
      "match_confidence": null,
      "quantity_g": null,
      "quantity_ml": null,
      "price_per_kg": null,
      "price_per_l": null
    },
    {
      "id": 5989,
      "name": "Silvercrest® Електрическа кана за вода",
      "store": "Lidl",
      "price": 16.87,
      "old_price": null,
      "discount_pct": 0,
      "image_url": null,
      "off_barcode": null,
      "group_id": null,
      "match_type": null,
      "match_confidence": null,
      "quantity_g": null,
      "quantity_ml": null,
      "price_per_kg": null,
      "price_per_l": null
    },
    {
      "id": 5977,
      "name": "Silvercrest® Комплект за приготвяне на суши",
      "store": "Lidl",
      "price": 7.66,
      "old_price": null,
      "discount_pct": 0,
      "image_url": null,
      "off_barcode": null,
      "group_id": null,
      "match_type": null,
      "match_confidence": null,
      "quantity_g": null,
      "quantity_ml": null,
      "price_per_kg": null,
      "price_per_l": null
    },
    {
      "id": 5995,
      "name": "Silvercrest® Кутии за съхранение",
      "store": "Lidl",
      "price": 3.06,
      "old_price": null,
      "discount_pct": 0,
      "image_url": null,
      "off_barcode": null,
      "group_id": null,
      "match_type": null,
      "match_confidence": null,
      "quantity_g": null,
      "quantity_ml": null,
      "price_per_kg": null,
      "price_per_l": null
    },
    {
      "id": 5992,
      "name": "Silvercrest® Кухненски помощник",
      "store": "Lidl",
      "price": 1.53,
      "old_price": null,
      "discount_pct": 0,
      "image_url": null,
      "off_barcode": null,
      "group_id": null,
      "match_type": null,
      "match_confidence": null,
      "quantity_g": null,
      "quantity_ml": null,
      "price_per_kg": null,
      "price_per_l": null
    },
    {
      "id": 5993,
      "name": "Silvercrest® Мини тиган",
      "store": "Lidl",
      "price": 3.57,
      "old_price": null,
      "discount_pct": 0,
      "image_url": null,
      "off_barcode": null,
      "group_id": null,
      "match_type": null,
      "match_confidence": null,
      "quantity_g": null,
      "quantity_ml": null,
      "price_per_kg": null,
      "price_per_l": null
    },
    {
      "id": 6003,
      "name": "Silvercrest® Ръчна мини прахосмукачка",
      "store": "Lidl",
      "price": 23.51,
      "old_price": null,
      "discount_pct": 0,
      "image_url": null,
      "off_barcode": null,
      "group_id": null,
      "match_type": null,
      "match_confidence": null,
      "quantity_g": null,
      "quantity_ml": null,
      "price_per_kg": null,
      "price_per_l": null
    },
    {
      "id": 5997,
      "name": "Silvercrest® Ръчна парочистачка",
      "store": "Lidl",
      "price": 23.0,
      "old_price": null,
      "discount_pct": 0,
      "image_url": null,
      "off_barcode": null,
      "group_id": null,
      "match_type": null,
      "match_confidence": null,
      "quantity_g": null,
      "quantity_ml": null,
      "price_per_kg": null,
      "price_per_l": null
    },
    {
      "id": 5994,
      "name": "Silvercrest® Термос",
      "store": "Lidl",
      "price": 4.08,
      "old_price": null,
      "discount_pct": 0,
      "image_url": null,
      "off_barcode": null,
      "group_id": null,
      "match_type": null,
      "match_confidence": null,
      "quantity_g": null,
      "quantity_ml": null,
      "price_per_kg": null,
      "price_per_l": null
    },
    {
      "id": 5991,
      "name": "Silvercrest® Термочаши или термокана за чай",
      "store": "Lidl",
      "price": 7.66,
      "old_price": null,
      "discount_pct": 0,
      "image_url": null,
      "off_barcode": null,
      "group_id": null,
      "match_type": null,
      "match_confidence": null,
      "quantity_g": null,
      "quantity_ml": null,
      "price_per_kg": null,
      "price_per_l": null
    },
    {
      "id": 5987,
      "name": "Silvercrest® Тостер",
      "store": "Lidl",
      "price": 16.87,
      "old_price": null,
      "discount_pct": 0,
      "image_url": null,
      "off_barcode": null,
      "group_id": null,
      "match_type": null,
      "match_confidence": null,
      "quantity_g": null,
      "quantity_ml": null,
      "price_per_kg": null,
      "price_per_l": null
    },
    {
      "id": 5978,
      "name": "Silvercrest® Уред за варене на ориз",
      "store": "Lidl",
      "price": 20.45,
      "old_price": null,
      "discount_pct": 0,
      "image_url": null,
      "off_barcode": null,
      "group_id": null,
      "match_type": null,
      "match_confidence": null,
      "quantity_g": null,
      "quantity_ml": null,
      "price_per_kg": null,
      "price_per_l": null
    },
    {
      "id": 5999,
      "name": "Silvercrest® Уред за почистване на прозорци",
      "store": "Lidl",
      "price": 23.0,
      "old_price": null,
      "discount_pct": 0,
      "image_url": null,
      "off_barcode": null,
      "group_id": null,
      "match_type": null,
      "match_confidence": null,
      "quantity_g": null,
      "quantity_ml": null,
      "price_per_kg": null,
      "price_per_l": null
    },
    {
      "id": 2958,
      "name": "Snacki Gyros Tzatziki | LIDL",
      "store": "Lidl",
      "price": 117.35,
      "old_price": null,
      "discount_pct": 0,
      "image_url": null,
      "off_barcode": null,
      "group_id": null,
      "match_type": null,
      "match_confidence": null,
      "quantity_g": null,
      "quantity_ml": null,
      "price_per_kg": null,
      "price_per_l": null
    },
    {
      "id": 3757,
      "name": "Spice&Soul Дъска или Кутия за чай",
      "store": "Kaufland",
      "price": 7.98,
      "old_price": null,
      "discount_pct": 0,
      "image_url": null,
      "off_barcode": null,
      "group_id": null,
      "match_type": null,
      "match_confidence": null,
      "quantity_g": null,
      "quantity_ml": null,
      "price_per_kg": null,
      "price_per_l": null
    },
    {
      "id": 3825,
      "name": "Spice&Soul Комплект ножове за стек",
      "store": "Kaufland",
      "price": 6.98,
      "old_price": null,
      "discount_pct": 0,
      "image_url": null,
      "off_barcode": null,
      "group_id": null,
      "match_type": null,
      "match_confidence": null,
      "quantity_g": null,
      "quantity_ml": null,
      "price_per_kg": null,
      "price_per_l": null
    },
    {
      "id": 4269,
      "name": "Spice&Soul Комплект пликове\nза свежо съхранение",
      "store": "Kaufland",
      "price": 3.99,
      "old_price": null,
      "discount_pct": 0,
      "image_url": null,
      "off_barcode": null,
      "group_id": null,
      "match_type": null,
      "match_confidence": null,
      "quantity_g": null,
      "quantity_ml": null,
      "price_per_kg": null,
      "price_per_l": null
    },
    {
      "id": 4268,
      "name": "Spice&Soul Комплект пликове\\nза свежо съхранение",
      "store": "Kaufland",
      "price": 3.99,
      "old_price": null,
      "discount_pct": 0,
      "image_url": null,
      "off_barcode": null,
      "group_id": null,
      "match_type": null,
      "match_confidence": null,
      "quantity_g": null,
      "quantity_ml": null,
      "price_per_kg": null,
      "price_per_l": null
    },
    {
      "id": 3749,
      "name": "Spice&Soul Кухненски помощници\nразлични видове",
      "store": "Kaufland",
      "price": 2.99,
      "old_price": null,
      "discount_pct": 0,
      "image_url": null,
      "off_barcode": null,
      "group_id": null,
      "match_type": null,
      "match_confidence": null,
      "quantity_g": null,
      "quantity_ml": null,
      "price_per_kg": null,
      "price_per_l": null
    },
    {
      "id": 3748,
      "name": "Spice&Soul Кухненски помощници\\nразлични видове",
      "store": "Kaufland",
      "price": 2.99,
      "old_price": null,
      "discount_pct": 0,
      "image_url": null,
      "off_barcode": null,
      "group_id": null,
      "match_type": null,
      "match_confidence": null,
      "quantity_g": null,
      "quantity_ml": null,
      "price_per_kg": null,
      "price_per_l": null
    },
    {
      "id": 4260,
      "name": "Spice&Soul Органайзер\nразлични видове",
      "store": "Kaufland",
      "price": 4.99,
      "old_price": null,
      "discount_pct": 0,
      "image_url": null,
      "off_barcode": null,
      "group_id": null,
      "match_type": null,
      "match_confidence": null,
      "quantity_g": null,
      "quantity_ml": null,
      "price_per_kg": null,
      "price_per_l": null
    },
    {
      "id": 4261,
      "name": "Spice&Soul Органайзер\\nразлични видове",
      "store": "Kaufland",
      "price": 4.99,
      "old_price": null,
      "discount_pct": 0,
      "image_url": null,
      "off_barcode": null,
      "group_id": null,
      "match_type": null,
      "match_confidence": null,
      "quantity_g": null,
      "quantity_ml": null,
      "price_per_kg": null,
      "price_per_l": null
    },
    {
      "id": 948,
      "name": "Stone Oven",
      "store": "Kaufland",
      "price": 2.18,
      "old_price": null,
      "discount_pct": 0,
      "image_url": null,
      "off_barcode": null,
      "group_id": null,
      "match_type": null,
      "match_confidence": null,
      "quantity_g": null,
      "quantity_ml": null,
      "price_per_kg": null,
      "price_per_l": null
    },
    {
      "id": 1391,
      "name": "Switch on",
      "store": "Kaufland",
      "price": 10.22,
      "old_price": null,
      "discount_pct": 0,
      "image_url": null,
      "off_barcode": null,
      "group_id": null,
      "match_type": null,
      "match_confidence": null,
      "quantity_g": null,
      "quantity_ml": null,
      "price_per_kg": null,
      "price_per_l": null
    },
    {
      "id": 4526,
      "name": "Switch on Разклонител\nразлични видове",
      "store": "Kaufland",
      "price": 19.99,
      "old_price": null,
      "discount_pct": 0,
      "image_url": null,
      "off_barcode": null,
      "group_id": null,
      "match_type": null,
      "match_confidence": null,
      "quantity_g": null,
      "quantity_ml": null,
      "price_per_kg": null,
      "price_per_l": null
    },
    {
      "id": 1310,
      "name": "Syoss",
      "store": "Kaufland",
      "price": 4.59,
      "old_price": null,
      "discount_pct": 0,
      "image_url": null,
      "off_barcode": null,
      "group_id": null,
      "match_type": null,
      "match_confidence": null,
      "quantity_g": null,
      "quantity_ml": null,
      "price_per_kg": null,
      "price_per_l": null
    },
    {
      "id": 1311,
      "name": "Syoss Oleo Intense",
      "store": "Kaufland",
      "price": 4.59,
      "old_price": null,
      "discount_pct": 0,
      "image_url": null,
      "off_barcode": null,
      "group_id": null,
      "match_type": null,
      "match_confidence": null,
      "quantity_g": null,
      "quantity_ml": null,
      "price_per_kg": null,
      "price_per_l": null
    },
    {
      "id": 391,
      "name": "Syoss Oleo Intense Боя за коса\nразлични цветове",
      "store": "Kaufland",
      "price": 8.98,
      "old_price": null,
      "discount_pct": 0,
      "image_url": null,
      "off_barcode": null,
      "group_id": null,
      "match_type": null,
      "match_confidence": null,
      "quantity_g": null,
      "quantity_ml": null,
      "price_per_kg": null,
      "price_per_l": null
    },
    {
      "id": 392,
      "name": "Syoss Боя за коса\nOleo Intense",
      "store": "Kaufland",
      "price": 8.98,
      "old_price": null,
      "discount_pct": 0,
      "image_url": null,
      "off_barcode": null,
      "group_id": null,
      "match_type": null,
      "match_confidence": null,
      "quantity_g": null,
      "quantity_ml": null,
      "price_per_kg": null,
      "price_per_l": null
    },
    {
      "id": 4415,
      "name": "Syoss Боя за коса\nразлични цветове",
      "store": "Kaufland",
      "price": 8.98,
      "old_price": null,
      "discount_pct": 0,
      "image_url": null,
      "off_barcode": null,
      "group_id": null,
      "match_type": null,
      "match_confidence": null,
      "quantity_g": null,
      "quantity_ml": null,
      "price_per_kg": null,
      "price_per_l": null
    },
    {
      "id": 4048,
      "name": "Syoss Шампоан или Балсам\nразлични видове",
      "store": "Kaufland",
      "price": 7.49,
      "old_price": null,
      "discount_pct": 0,
      "image_url": null,
      "off_barcode": null,
      "group_id": null,
      "match_type": null,
      "match_confidence": null,
      "quantity_g": null,
      "quantity_ml": null,
      "price_per_kg": null,
      "price_per_l": null
    },
    {
      "id": 256,
      "name": "TASTY",
      "store": "Kaufland",
      "price": 4.99,
      "old_price": null,
      "discount_pct": 0,
      "image_url": null,
      "off_barcode": null,
      "group_id": null,
      "match_type": null,
      "match_confidence": null,
      "quantity_g": null,
      "quantity_ml": null,
      "price_per_kg": null,
      "price_per_l": null
    },
    {
      "id": 4330,
      "name": "TASTY Торта Св. Валентин\nс бял шоколад",
      "store": "Kaufland",
      "price": 9.76,
      "old_price": null,
      "discount_pct": 0,
      "image_url": null,
      "off_barcode": null,
      "group_id": null,
      "match_type": null,
      "match_confidence": null,
      "quantity_g": null,
      "quantity_ml": null,
      "price_per_kg": null,
      "price_per_l": null
    },
    {
      "id": 1339,
      "name": "TENO",
      "store": "Kaufland",
      "price": 7.66,
      "old_price": null,
      "discount_pct": 0,
      "image_url": null,
      "off_barcode": null,
      "group_id": null,
      "match_type": null,
      "match_confidence": null,
      "quantity_g": null,
      "quantity_ml": null,
      "price_per_kg": null,
      "price_per_l": null
    },
    {
      "id": 4440,
      "name": "TENO Тоалетна хартия\nFresh Breeze",
      "store": "Kaufland",
      "price": 14.98,
      "old_price": null,
      "discount_pct": 0,
      "image_url": null,
      "off_barcode": null,
      "group_id": null,
      "match_type": null,
      "match_confidence": null,
      "quantity_g": null,
      "quantity_ml": null,
      "price_per_kg": null,
      "price_per_l": null
    },
    {
      "id": 3705,
      "name": "TEO BEBE FUTURE Гел",
      "store": "Kaufland",
      "price": 18.78,
      "old_price": null,
      "discount_pct": 0,
      "image_url": null,
      "off_barcode": null,
      "group_id": null,
      "match_type": null,
      "match_confidence": null,
      "quantity_g": null,
      "quantity_ml": null,
      "price_per_kg": null,
      "price_per_l": null
    },
    {
      "id": 3706,
      "name": "TEO BEBE FUTURE Гел\n45 пранета",
      "store": "Kaufland",
      "price": 18.78,
      "old_price": null,
      "discount_pct": 0,
      "image_url": null,
      "off_barcode": null,
      "group_id": null,
      "match_type": null,
      "match_confidence": null,
      "quantity_g": null,
      "quantity_ml": null,
      "price_per_kg": null,
      "price_per_l": null
    },
    {
      "id": 1348,
      "name": "TOWNLAND",
      "store": "Kaufland",
      "price": 5.11,
      "old_price": null,
      "discount_pct": 0,
      "image_url": null,
      "off_barcode": null,
      "group_id": null,
      "match_type": null,
      "match_confidence": null,
      "quantity_g": null,
      "quantity_ml": null,
      "price_per_kg": null,
      "price_per_l": null
    },
    {
      "id": 3174,
      "name": "TOWNLAND Боксер\nM - XXL",
      "store": "Kaufland",
      "price": 9.99,
      "old_price": null,
      "discount_pct": 0,
      "image_url": null,
      "off_barcode": null,
      "group_id": null,
      "match_type": null,
      "match_confidence": null,
      "quantity_g": null,
      "quantity_ml": null,
      "price_per_kg": null,
      "price_per_l": null
    },
    {
      "id": 3879,
      "name": "TOWNLAND Елек\nM - XXL",
      "store": "Kaufland",
      "price": 24.98,
      "old_price": null,
      "discount_pct": 0,
      "image_url": null,
      "off_barcode": null,
      "group_id": null,
      "match_type": null,
      "match_confidence": null,
      "quantity_g": null,
      "quantity_ml": null,
      "price_per_kg": null,
      "price_per_l": null
    },
    {
      "id": 3880,
      "name": "TOWNLAND Елек\\nM - XXL",
      "store": "Kaufland",
      "price": 24.98,
      "old_price": null,
      "discount_pct": 0,
      "image_url": null,
      "off_barcode": null,
      "group_id": null,
      "match_type": null,
      "match_confidence": null,
      "quantity_g": null,
      "quantity_ml": null,
      "price_per_kg": null,
      "price_per_l": null
    },
    {
      "id": 3860,
      "name": "TOWNLAND Маратонки\n41 - 46",
      "store": "Kaufland",
      "price": 27.99,
      "old_price": null,
      "discount_pct": 0,
      "image_url": null,
      "off_barcode": null,
      "group_id": null,
      "match_type": null,
      "match_confidence": null,
      "quantity_g": null,
      "quantity_ml": null,
      "price_per_kg": null,
      "price_per_l": null
    },
    {
      "id": 3861,
      "name": "TOWNLAND Маратонки\\n41 - 46",
      "store": "Kaufland",
      "price": 27.99,
      "old_price": null,
      "discount_pct": 0,
      "image_url": null,
      "off_barcode": null,
      "group_id": null,
      "match_type": null,
      "match_confidence": null,
      "quantity_g": null,
      "quantity_ml": null,
      "price_per_kg": null,
      "price_per_l": null
    },
    {
      "id": 3862,
      "name": "TOWNLAND Панталон\n46 - 58",
      "store": "Kaufland",
      "price": 20.99,
      "old_price": null,
      "discount_pct": 0,
      "image_url": null,
      "off_barcode": null,
      "group_id": null,
      "match_type": null,
      "match_confidence": null,
      "quantity_g": null,
      "quantity_ml": null,
      "price_per_kg": null,
      "price_per_l": null
    },
    {
      "id": 3864,
      "name": "TOWNLAND Панталон\n48 - 56",
      "store": "Kaufland",
      "price": 25.99,
      "old_price": null,
      "discount_pct": 0,
      "image_url": null,
      "off_barcode": null,
      "group_id": null,
      "match_type": null,
      "match_confidence": null,
      "quantity_g": null,
      "quantity_ml": null,
      "price_per_kg": null,
      "price_per_l": null
    },
    {
      "id": 3863,
      "name": "TOWNLAND Панталон\\n48 - 56",
      "store": "Kaufland",
      "price": 20.99,
      "old_price": null,
      "discount_pct": 0,
      "image_url": null,
      "off_barcode": null,
      "group_id": null,
      "match_type": null,
      "match_confidence": null,
      "quantity_g": null,
      "quantity_ml": null,
      "price_per_kg": null,
      "price_per_l": null
    },
    {
      "id": 1299,
      "name": "Taft",
      "store": "Kaufland",
      "price": 3.06,
      "old_price": null,
      "discount_pct": 0,
      "image_url": null,
      "off_barcode": null,
      "group_id": null,
      "match_type": null,
      "match_confidence": null,
      "quantity_g": null,
      "quantity_ml": null,
      "price_per_kg": null,
      "price_per_l": null
    },
    {
      "id": 380,
      "name": "Taft Гел за коса\nразлични видове",
      "store": "Kaufland",
      "price": 5.98,
      "old_price": null,
      "discount_pct": 0,
      "image_url": null,
      "off_barcode": null,
      "group_id": null,
      "match_type": null,
      "match_confidence": null,
      "quantity_g": null,
      "quantity_ml": null,
      "price_per_kg": null,
      "price_per_l": null
    },
    {
      "id": 4395,
      "name": "Taft Пяна коса Volume Mega",
      "store": "Kaufland",
      "price": 5.98,
      "old_price": null,
      "discount_pct": 0,
      "image_url": null,
      "off_barcode": null,
      "group_id": null,
      "match_type": null,
      "match_confidence": null,
      "quantity_g": null,
      "quantity_ml": null,
      "price_per_kg": null,
      "price_per_l": null
    },
    {
      "id": 4394,
      "name": "Taft Стилизиращи продукти\nза коса",
      "store": "Kaufland",
      "price": 5.98,
      "old_price": null,
      "discount_pct": 0,
      "image_url": null,
      "off_barcode": null,
      "group_id": null,
      "match_type": null,
      "match_confidence": null,
      "quantity_g": null,
      "quantity_ml": null,
      "price_per_kg": null,
      "price_per_l": null
    },
    {
      "id": 4393,
      "name": "Taft Стилизиращи продукти за коса",
      "store": "Kaufland",
      "price": 5.98,
      "old_price": null,
      "discount_pct": 0,
      "image_url": null,
      "off_barcode": null,
      "group_id": null,
      "match_type": null,
      "match_confidence": null,
      "quantity_g": null,
      "quantity_ml": null,
      "price_per_kg": null,
      "price_per_l": null
    },
    {
      "id": 3791,
      "name": "Tefal Комплект тенджери\nпод налягане Secure",
      "store": "Kaufland",
      "price": 139.9,
      "old_price": null,
      "discount_pct": 0,
      "image_url": null,
      "off_barcode": null,
      "group_id": null,
      "match_type": null,
      "match_confidence": null,
      "quantity_g": null,
      "quantity_ml": null,
      "price_per_kg": null,
      "price_per_l": null
    },
    {
      "id": 3711,
      "name": "Tefal Сандвич тостер SM1552",
      "store": "Kaufland",
      "price": 44.98,
      "old_price": null,
      "discount_pct": 0,
      "image_url": null,
      "off_barcode": null,
      "group_id": null,
      "match_type": null,
      "match_confidence": null,
      "quantity_g": null,
      "quantity_ml": null,
      "price_per_kg": null,
      "price_per_l": null
    },
    {
      "id": 1336,
      "name": "Teo Bebe Future",
      "store": "Kaufland",
      "price": 13.03,
      "old_price": null,
      "discount_pct": 0,
      "image_url": null,
      "off_barcode": null,
      "group_id": null,
      "match_type": null,
      "match_confidence": null,
      "quantity_g": null,
      "quantity_ml": null,
      "price_per_kg": null,
      "price_per_l": null
    },
    {
      "id": 418,
      "name": "Teo Bebe Future Гел\n67 пранета",
      "store": "Kaufland",
      "price": 25.48,
      "old_price": null,
      "discount_pct": 0,
      "image_url": null,
      "off_barcode": null,
      "group_id": null,
      "match_type": null,
      "match_confidence": null,
      "quantity_g": null,
      "quantity_ml": null,
      "price_per_kg": null,
      "price_per_l": null
    },
    {
      "id": 417,
      "name": "Teo Bebe Future Гел\nразлични видове",
      "store": "Kaufland",
      "price": 25.48,
      "old_price": null,
      "discount_pct": 0,
      "image_url": null,
      "off_barcode": null,
      "group_id": null,
      "match_type": null,
      "match_confidence": null,
      "quantity_g": null,
      "quantity_ml": null,
      "price_per_kg": null,
      "price_per_l": null
    },
    {
      "id": 4053,
      "name": "Teo Rich Milk Сапун\nразлични видове",
      "store": "Kaufland",
      "price": 1.19,
      "old_price": null,
      "discount_pct": 0,
      "image_url": null,
      "off_barcode": null,
      "group_id": null,
      "match_type": null,
      "match_confidence": null,
      "quantity_g": null,
      "quantity_ml": null,
      "price_per_kg": null,
      "price_per_l": null
    },
    {
      "id": 3674,
      "name": "Teo Течен сапун Rich Milk\nразлични видове",
      "store": "Kaufland",
      "price": 2.78,
      "old_price": null,
      "discount_pct": 0,
      "image_url": null,
      "off_barcode": null,
      "group_id": null,
      "match_type": null,
      "match_confidence": null,
      "quantity_g": null,
      "quantity_ml": null,
      "price_per_kg": null,
      "price_per_l": null
    },
    {
      "id": 831,
      "name": "Tira Nespresso Espresso съвместими капсули - 20 бр.",
      "store": "Billa",
      "price": 6.64,
      "old_price": null,
      "discount_pct": 0,
      "image_url": null,
      "off_barcode": null,
      "group_id": null,
      "match_type": null,
      "match_confidence": null,
      "quantity_g": null,
      "quantity_ml": null,
      "price_per_kg": null,
      "price_per_l": null
    },
    {
      "id": 819,
      "name": "Tira Кафе на зърна Barista Crema 1 кг Продукт, маркиран със синя звезда",
      "store": "Billa",
      "price": 17.89,
      "old_price": null,
      "discount_pct": 0,
      "image_url": null,
      "off_barcode": null,
      "group_id": null,
      "match_type": null,
      "match_confidence": null,
      "quantity_g": 1000,
      "quantity_ml": null,
      "price_per_kg": 17.89,
      "price_per_l": null
    },
    {
      "id": 818,
      "name": "Tira Кафе на зърна Barista Espresso 1 кг Продукт, маркиран със синя звезда",
      "store": "Billa",
      "price": 17.89,
      "old_price": null,
      "discount_pct": 0,
      "image_url": null,
      "off_barcode": null,
      "group_id": null,
      "match_type": null,
      "match_confidence": null,
      "quantity_g": 1000,
      "quantity_ml": null,
      "price_per_kg": 17.89,
      "price_per_l": null
    },
    {
      "id": 821,
      "name": "Tira Кафе на зърна Crema 1 кг",
      "store": "Billa",
      "price": 17.89,
      "old_price": null,
      "discount_pct": 0,
      "image_url": null,
      "off_barcode": null,
      "group_id": null,
      "match_type": null,
      "match_confidence": null,
      "quantity_g": 1000,
      "quantity_ml": null,
      "price_per_kg": 17.89,
      "price_per_l": null
    },
    {
      "id": 823,
      "name": "Tira Кафе на зърна Dual Colombia Brazil 500 г Продукт, маркиран със синя звезда",
      "store": "Billa",
      "price": 11.24,
      "old_price": null,
      "discount_pct": 0,
      "image_url": null,
      "off_barcode": null,
      "group_id": null,
      "match_type": null,
      "match_confidence": null,
      "quantity_g": 500,
      "quantity_ml": null,
      "price_per_kg": 22.48,
      "price_per_l": null
    },
    {
      "id": 824,
      "name": "Tira Кафе на зърна Dual Peru Brazil 500 г Продукт, маркиран със синя звезда",
      "store": "Billa",
      "price": 11.24,
      "old_price": null,
      "discount_pct": 0,
      "image_url": null,
      "off_barcode": null,
      "group_id": null,
      "match_type": null,
      "match_confidence": null,
      "quantity_g": 500,
      "quantity_ml": null,
      "price_per_kg": 22.48,
      "price_per_l": null
    },
    {
      "id": 820,
      "name": "Tira Кафе на зърна Espresso 1 кг",
      "store": "Billa",
      "price": 17.89,
      "old_price": null,
      "discount_pct": 0,
      "image_url": null,
      "off_barcode": null,
      "group_id": null,
      "match_type": null,
      "match_confidence": null,
      "quantity_g": 1000,
      "quantity_ml": null,
      "price_per_kg": 17.89,
      "price_per_l": null
    },
    {
      "id": 822,
      "name": "Tira Кафе на зърна Single Origin Brazil 1 кг Продукт, маркиран със синя звезда",
      "store": "Billa",
      "price": 17.89,
      "old_price": null,
      "discount_pct": 0,
      "image_url": null,
      "off_barcode": null,
      "group_id": null,
      "match_type": null,
      "match_confidence": null,
      "quantity_g": 1000,
      "quantity_ml": null,
      "price_per_kg": 17.89,
      "price_per_l": null
    },
    {
      "id": 825,
      "name": "Tira Мляно кафе Gold 500 г",
      "store": "Billa",
      "price": 10.22,
      "old_price": null,
      "discount_pct": 0,
      "image_url": null,
      "off_barcode": null,
      "group_id": null,
      "match_type": null,
      "match_confidence": null,
      "quantity_g": 500,
      "quantity_ml": null,
      "price_per_kg": 20.44,
      "price_per_l": null
    },
    {
      "id": 826,
      "name": "Tira Мляно кафе Intenso 500 г",
      "store": "Billa",
      "price": 8.18,
      "old_price": null,
      "discount_pct": 0,
      "image_url": null,
      "off_barcode": null,
      "group_id": null,
      "match_type": null,
      "match_confidence": null,
      "quantity_g": 500,
      "quantity_ml": null,
      "price_per_kg": 16.36,
      "price_per_l": null
    },
    {
      "id": 834,
      "name": "Tira капсули CAFE AU LAIT DG 16 бр.",
      "store": "Billa",
      "price": 5.11,
      "old_price": null,
      "discount_pct": 0,
      "image_url": null,
      "off_barcode": null,
      "group_id": null,
      "match_type": null,
      "match_confidence": null,
      "quantity_g": null,
      "quantity_ml": null,
      "price_per_kg": null,
      "price_per_l": null
    },
    {
      "id": 835,
      "name": "Tira капсули Cappuccino 8 + 8 DG",
      "store": "Billa",
      "price": 5.11,
      "old_price": null,
      "discount_pct": 0,
      "image_url": null,
      "off_barcode": null,
      "group_id": null,
      "match_type": null,
      "match_confidence": null,
      "quantity_g": null,
      "quantity_ml": null,
      "price_per_kg": null,
      "price_per_l": null
    },
    {
      "id": 829,
      "name": "Tira капсули Espresso DG 16 бр.",
      "store": "Billa",
      "price": 5.11,
      "old_price": null,
      "discount_pct": 0,
      "image_url": null,
      "off_barcode": null,
      "group_id": null,
      "match_type": null,
      "match_confidence": null,
      "quantity_g": null,
      "quantity_ml": null,
      "price_per_kg": null,
      "price_per_l": null
    },
    {
      "id": 830,
      "name": "Tira капсули Hazelnut DG 16 бр.",
      "store": "Billa",
      "price": 5.11,
      "old_price": null,
      "discount_pct": 0,
      "image_url": null,
      "off_barcode": null,
      "group_id": null,
      "match_type": null,
      "match_confidence": null,
      "quantity_g": null,
      "quantity_ml": null,
      "price_per_kg": null,
      "price_per_l": null
    },
    {
      "id": 832,
      "name": "Tira капсули Lungo DG 16 бр.",
      "store": "Billa",
      "price": 5.11,
      "old_price": null,
      "discount_pct": 0,
      "image_url": null,
      "off_barcode": null,
      "group_id": null,
      "match_type": null,
      "match_confidence": null,
      "quantity_g": null,
      "quantity_ml": null,
      "price_per_kg": null,
      "price_per_l": null
    },
    {
      "id": 836,
      "name": "Tira капсули Macchiato 8 + 8 DG",
      "store": "Billa",
      "price": 5.11,
      "old_price": null,
      "discount_pct": 0,
      "image_url": null,
      "off_barcode": null,
      "group_id": null,
      "match_type": null,
      "match_confidence": null,
      "quantity_g": null,
      "quantity_ml": null,
      "price_per_kg": null,
      "price_per_l": null
    },
    {
      "id": 833,
      "name": "Tira капсули Pistachio DG 16 бр.",
      "store": "Billa",
      "price": 5.11,
      "old_price": null,
      "discount_pct": 0,
      "image_url": null,
      "off_barcode": null,
      "group_id": null,
      "match_type": null,
      "match_confidence": null,
      "quantity_g": null,
      "quantity_ml": null,
      "price_per_kg": null,
      "price_per_l": null
    },
    {
      "id": 828,
      "name": "Tira мляно кафе Crema 250 г",
      "store": "Billa",
      "price": 5.62,
      "old_price": null,
      "discount_pct": 0,
      "image_url": null,
      "off_barcode": null,
      "group_id": null,
      "match_type": null,
      "match_confidence": null,
      "quantity_g": 250,
      "quantity_ml": null,
      "price_per_kg": 22.48,
      "price_per_l": null
    },
    {
      "id": 827,
      "name": "Tira мляно кафе Espresso 250 г",
      "store": "Billa",
      "price": 4.6,
      "old_price": null,
      "discount_pct": 0,
      "image_url": null,
      "off_barcode": null,
      "group_id": null,
      "match_type": null,
      "match_confidence": null,
      "quantity_g": 250,
      "quantity_ml": null,
      "price_per_kg": 18.4,
      "price_per_l": null
    },
    {
      "id": 580,
      "name": "Toffifee Бонбони",
      "store": "Lidl",
      "price": 3.22,
      "old_price": null,
      "discount_pct": 0,
      "image_url": null,
      "off_barcode": null,
      "group_id": null,
      "match_type": null,
      "match_confidence": null,
      "quantity_g": null,
      "quantity_ml": null,
      "price_per_kg": null,
      "price_per_l": null
    },
    {
      "id": 5804,
      "name": "Tomme de Montagnе Френско сирене",
      "store": "Lidl",
      "price": 3.57,
      "old_price": null,
      "discount_pct": 0,
      "image_url": null,
      "off_barcode": null,
      "group_id": null,
      "match_type": null,
      "match_confidence": null,
      "quantity_g": null,
      "quantity_ml": null,
      "price_per_kg": null,
      "price_per_l": null
    },
    {
      "id": 4272,
      "name": "Tontarelli Kутии\n13 бр.",
      "store": "Kaufland",
      "price": 14.98,
      "old_price": null,
      "discount_pct": 0,
      "image_url": null,
      "off_barcode": null,
      "group_id": null,
      "match_type": null,
      "match_confidence": null,
      "quantity_g": null,
      "quantity_ml": null,
      "price_per_kg": null,
      "price_per_l": null
    },
    {
      "id": 6011,
      "name": "Tronic® Батерии тип „копче“",
      "store": "Lidl",
      "price": 1.02,
      "old_price": null,
      "discount_pct": 0,
      "image_url": null,
      "off_barcode": null,
      "group_id": null,
      "match_type": null,
      "match_confidence": null,
      "quantity_g": null,
      "quantity_ml": null,
      "price_per_kg": null,
      "price_per_l": null
    },
    {
      "id": 6008,
      "name": "Tronic® Безжична мишка",
      "store": "Lidl",
      "price": 5.11,
      "old_price": null,
      "discount_pct": 0,
      "image_url": null,
      "off_barcode": null,
      "group_id": null,
      "match_type": null,
      "match_confidence": null,
      "quantity_g": null,
      "quantity_ml": null,
      "price_per_kg": null,
      "price_per_l": null
    },
    {
      "id": 6009,
      "name": "Tronic® Кабел за зареждане и пренос на данни",
      "store": "Lidl",
      "price": 1.78,
      "old_price": null,
      "discount_pct": 0,
      "image_url": null,
      "off_barcode": null,
      "group_id": null,
      "match_type": null,
      "match_confidence": null,
      "quantity_g": null,
      "quantity_ml": null,
      "price_per_kg": null,
      "price_per_l": null
    },
    {
      "id": 578,
      "name": "Tronic® Разклонител",
      "store": "Lidl",
      "price": 10.73,
      "old_price": null,
      "discount_pct": 0,
      "image_url": null,
      "off_barcode": null,
      "group_id": null,
      "match_type": null,
      "match_confidence": null,
      "quantity_g": null,
      "quantity_ml": null,
      "price_per_kg": null,
      "price_per_l": null
    },
    {
      "id": 6007,
      "name": "Tronic® Разклонител с USB портове",
      "store": "Lidl",
      "price": 12.78,
      "old_price": null,
      "discount_pct": 0,
      "image_url": null,
      "off_barcode": null,
      "group_id": null,
      "match_type": null,
      "match_confidence": null,
      "quantity_g": null,
      "quantity_ml": null,
      "price_per_kg": null,
      "price_per_l": null
    },
    {
      "id": 6010,
      "name": "Tronic® Шредер",
      "store": "Lidl",
      "price": 14.31,
      "old_price": null,
      "discount_pct": 0,
      "image_url": null,
      "off_barcode": null,
      "group_id": null,
      "match_type": null,
      "match_confidence": null,
      "quantity_g": null,
      "quantity_ml": null,
      "price_per_kg": null,
      "price_per_l": null
    },
    {
      "id": 1323,
      "name": "VANISH",
      "store": "Kaufland",
      "price": 5.11,
      "old_price": null,
      "discount_pct": 0,
      "image_url": null,
      "off_barcode": null,
      "group_id": null,
      "match_type": null,
      "match_confidence": null,
      "quantity_g": null,
      "quantity_ml": null,
      "price_per_kg": null,
      "price_per_l": null
    },
    {
      "id": 405,
      "name": "VANISH Гел или Прах",
      "store": "Kaufland",
      "price": 9.99,
      "old_price": null,
      "discount_pct": 0,
      "image_url": null,
      "off_barcode": null,
      "group_id": null,
      "match_type": null,
      "match_confidence": null,
      "quantity_g": null,
      "quantity_ml": null,
      "price_per_kg": null,
      "price_per_l": null
    },
    {
      "id": 404,
      "name": "VANISH гел концентрат\n1л",
      "store": "Kaufland",
      "price": 9.99,
      "old_price": null,
      "discount_pct": 0,
      "image_url": null,
      "off_barcode": null,
      "group_id": null,
      "match_type": null,
      "match_confidence": null,
      "quantity_g": null,
      "quantity_ml": 1000,
      "price_per_kg": null,
      "price_per_l": 9.99
    },
    {
      "id": 3796,
      "name": "Vitrinor Тиган\nØ20 x 4,5 см",
      "store": "Kaufland",
      "price": 14.98,
      "old_price": null,
      "discount_pct": 0,
      "image_url": null,
      "off_barcode": null,
      "group_id": null,
      "match_type": null,
      "match_confidence": null,
      "quantity_g": null,
      "quantity_ml": null,
      "price_per_kg": null,
      "price_per_l": null
    },
    {
      "id": 3797,
      "name": "Vitrinor Тиган\nØ28 x 5,3 см",
      "store": "Kaufland",
      "price": 21.98,
      "old_price": null,
      "discount_pct": 0,
      "image_url": null,
      "off_barcode": null,
      "group_id": null,
      "match_type": null,
      "match_confidence": null,
      "quantity_g": null,
      "quantity_ml": null,
      "price_per_kg": null,
      "price_per_l": null
    },
    {
      "id": 6004,
      "name": "W5® Комплект за почистване",
      "store": "Lidl",
      "price": 1.78,
      "old_price": null,
      "discount_pct": 0,
      "image_url": null,
      "off_barcode": null,
      "group_id": null,
      "match_type": null,
      "match_confidence": null,
      "quantity_g": null,
      "quantity_ml": null,
      "price_per_kg": null,
      "price_per_l": null
    },
    {
      "id": 6002,
      "name": "W5® Микрофибърни кърпи",
      "store": "Lidl",
      "price": 2.04,
      "old_price": null,
      "discount_pct": 0,
      "image_url": null,
      "off_barcode": null,
      "group_id": null,
      "match_type": null,
      "match_confidence": null,
      "quantity_g": null,
      "quantity_ml": null,
      "price_per_kg": null,
      "price_per_l": null
    },
    {
      "id": 6001,
      "name": "W5® Принадлежности за почистване",
      "store": "Lidl",
      "price": 2.04,
      "old_price": null,
      "discount_pct": 0,
      "image_url": null,
      "off_barcode": null,
      "group_id": null,
      "match_type": null,
      "match_confidence": null,
      "quantity_g": null,
      "quantity_ml": null,
      "price_per_kg": null,
      "price_per_l": null
    },
    {
      "id": 3695,
      "name": "WHISKAS Пауч за котки\nизбрани видове",
      "store": "Kaufland",
      "price": 2.99,
      "old_price": null,
      "discount_pct": 0,
      "image_url": null,
      "off_barcode": null,
      "group_id": null,
      "match_type": null,
      "match_confidence": null,
      "quantity_g": null,
      "quantity_ml": null,
      "price_per_kg": null,
      "price_per_l": null
    },
    {
      "id": 1358,
      "name": "Whiskas",
      "store": "Kaufland",
      "price": 6.38,
      "old_price": null,
      "discount_pct": 0,
      "image_url": null,
      "off_barcode": null,
      "group_id": null,
      "match_type": null,
      "match_confidence": null,
      "quantity_g": null,
      "quantity_ml": null,
      "price_per_kg": null,
      "price_per_l": null
    },
    {
      "id": 3694,
      "name": "Whiskas Пауч за котки\nразлични видове",
      "store": "Kaufland",
      "price": 2.99,
      "old_price": null,
      "discount_pct": 0,
      "image_url": null,
      "off_barcode": null,
      "group_id": null,
      "match_type": null,
      "match_confidence": null,
      "quantity_g": null,
      "quantity_ml": null,
      "price_per_kg": null,
      "price_per_l": null
    },
    {
      "id": 3681,
      "name": "Whiskas Суха храна за котки\nразлични видове",
      "store": "Kaufland",
      "price": 2.99,
      "old_price": null,
      "discount_pct": 0,
      "image_url": null,
      "off_barcode": null,
      "group_id": null,
      "match_type": null,
      "match_confidence": null,
      "quantity_g": null,
      "quantity_ml": null,
      "price_per_kg": null,
      "price_per_l": null
    },
    {
      "id": 439,
      "name": "Whiskas Храна за котки",
      "store": "Kaufland",
      "price": 8.49,
      "old_price": null,
      "discount_pct": 0,
      "image_url": null,
      "off_barcode": null,
      "group_id": null,
      "match_type": null,
      "match_confidence": null,
      "quantity_g": null,
      "quantity_ml": null,
      "price_per_kg": null,
      "price_per_l": null
    },
    {
      "id": 3167,
      "name": "Whiskas пауч за котка\n12х85гр",
      "store": "Kaufland",
      "price": 8.49,
      "old_price": null,
      "discount_pct": 0,
      "image_url": null,
      "off_barcode": null,
      "group_id": null,
      "match_type": null,
      "match_confidence": null,
      "quantity_g": 1020,
      "quantity_ml": null,
      "price_per_kg": 8.32,
      "price_per_l": null
    },
    {
      "id": 576,
      "name": "William Peel Шотландско уиски",
      "store": "Lidl",
      "price": 12.77,
      "old_price": null,
      "discount_pct": 0,
      "image_url": null,
      "off_barcode": null,
      "group_id": "g_c20ad4d7",
      "match_type": "name_similarity",
      "match_confidence": 0.76,
      "quantity_g": null,
      "quantity_ml": null,
      "price_per_kg": null,
      "price_per_l": null
    },
    {
      "id": 1366,
      "name": "edix Glass",
      "store": "Kaufland",
      "price": 1.53,
      "old_price": null,
      "discount_pct": 0,
      "image_url": null,
      "off_barcode": null,
      "group_id": null,
      "match_type": null,
      "match_confidence": null,
      "quantity_g": null,
      "quantity_ml": null,
      "price_per_kg": null,
      "price_per_l": null
    },
    {
      "id": 448,
      "name": "edix Glass Препарат за стъкла\nазлични видове",
      "store": "Kaufland",
      "price": 2.99,
      "old_price": null,
      "discount_pct": 0,
      "image_url": null,
      "off_barcode": null,
      "group_id": null,
      "match_type": null,
      "match_confidence": null,
      "quantity_g": null,
      "quantity_ml": null,
      "price_per_kg": null,
      "price_per_l": null
    },
    {
      "id": 4221,
      "name": "АРБАНАСИ Сирене\nсвежо",
      "store": "Kaufland",
      "price": 6.98,
      "old_price": null,
      "discount_pct": 0,
      "image_url": null,
      "off_barcode": null,
      "group_id": null,
      "match_type": null,
      "match_confidence": null,
      "quantity_g": null,
      "quantity_ml": null,
      "price_per_kg": null,
      "price_per_l": null
    },
    {
      "id": 1398,
      "name": "Автоаптечка",
      "store": "Kaufland",
      "price": 5.11,
      "old_price": null,
      "discount_pct": 0,
      "image_url": null,
      "off_barcode": null,
      "group_id": null,
      "match_type": null,
      "match_confidence": null,
      "quantity_g": null,
      "quantity_ml": null,
      "price_per_kg": null,
      "price_per_l": null
    },
    {
      "id": 1397,
      "name": "Автокомпресор",
      "store": "Kaufland",
      "price": 11.75,
      "old_price": null,
      "discount_pct": 0,
      "image_url": null,
      "off_barcode": null,
      "group_id": null,
      "match_type": null,
      "match_confidence": null,
      "quantity_g": null,
      "quantity_ml": null,
      "price_per_kg": null,
      "price_per_l": null
    },
    {
      "id": 479,
      "name": "Автокомпресор 12 V",
      "store": "Kaufland",
      "price": 22.98,
      "old_price": null,
      "discount_pct": 0,
      "image_url": null,
      "off_barcode": null,
      "group_id": null,
      "match_type": null,
      "match_confidence": null,
      "quantity_g": null,
      "quantity_ml": null,
      "price_per_kg": null,
      "price_per_l": null
    },
    {
      "id": 5776,
      "name": "Агнешка задна четвъртина",
      "store": "Lidl",
      "price": 11.24,
      "old_price": null,
      "discount_pct": 0,
      "image_url": null,
      "off_barcode": null,
      "group_id": null,
      "match_type": null,
      "match_confidence": null,
      "quantity_g": null,
      "quantity_ml": null,
      "price_per_kg": null,
      "price_per_l": null
    },
    {
      "id": 5775,
      "name": "Агнешка предна четвъртина",
      "store": "Lidl",
      "price": 10.22,
      "old_price": null,
      "discount_pct": 0,
      "image_url": null,
      "off_barcode": null,
      "group_id": null,
      "match_type": null,
      "match_confidence": null,
      "quantity_g": null,
      "quantity_ml": null,
      "price_per_kg": null,
      "price_per_l": null
    },
    {
      "id": 5777,
      "name": "Агнешки котлети",
      "store": "Lidl",
      "price": 13.29,
      "old_price": null,
      "discount_pct": 0,
      "image_url": null,
      "off_barcode": null,
      "group_id": null,
      "match_type": null,
      "match_confidence": null,
      "quantity_g": null,
      "quantity_ml": null,
      "price_per_kg": null,
      "price_per_l": null
    },
    {
      "id": 5774,
      "name": "Агнешко месо с кост",
      "store": "Lidl",
      "price": 9.2,
      "old_price": null,
      "discount_pct": 0,
      "image_url": null,
      "off_barcode": null,
      "group_id": null,
      "match_type": null,
      "match_confidence": null,
      "quantity_g": null,
      "quantity_ml": null,
      "price_per_kg": null,
      "price_per_l": null
    },
    {
      "id": 3271,
      "name": "Агнешко плато",
      "store": "Kaufland",
      "price": 11.99,
      "old_price": null,
      "discount_pct": 0,
      "image_url": null,
      "off_barcode": null,
      "group_id": null,
      "match_type": null,
      "match_confidence": null,
      "quantity_g": null,
      "quantity_ml": null,
      "price_per_kg": null,
      "price_per_l": null
    },
    {
      "id": 1432,
      "name": "Агросел",
      "store": "Kaufland",
      "price": 0.76,
      "old_price": null,
      "discount_pct": 0,
      "image_url": null,
      "off_barcode": null,
      "group_id": null,
      "match_type": null,
      "match_confidence": null,
      "quantity_g": null,
      "quantity_ml": null,
      "price_per_kg": null,
      "price_per_l": null
    },
    {
      "id": 3147,
      "name": "Адана кебап на шиш | LIDL",
      "store": "Lidl",
      "price": 140.82,
      "old_price": null,
      "discount_pct": 0,
      "image_url": null,
      "off_barcode": null,
      "group_id": null,
      "match_type": null,
      "match_confidence": null,
      "quantity_g": null,
      "quantity_ml": null,
      "price_per_kg": null,
      "price_per_l": null
    },
    {
      "id": 5957,
      "name": "Азиатска лилия",
      "store": "Lidl",
      "price": 3.57,
      "old_price": null,
      "discount_pct": 0,
      "image_url": null,
      "off_barcode": null,
      "group_id": null,
      "match_type": null,
      "match_confidence": null,
      "quantity_g": null,
      "quantity_ml": null,
      "price_per_kg": null,
      "price_per_l": null
    },
    {
      "id": 4257,
      "name": "Антуриум Ø17 см",
      "store": "Kaufland",
      "price": 24.98,
      "old_price": null,
      "discount_pct": 0,
      "image_url": null,
      "off_barcode": null,
      "group_id": null,
      "match_type": null,
      "match_confidence": null,
      "quantity_g": null,
      "quantity_ml": null,
      "price_per_kg": null,
      "price_per_l": null
    },
    {
      "id": 3536,
      "name": "Ариана Бира\n4,5% vol",
      "store": "Kaufland",
      "price": 7.98,
      "old_price": null,
      "discount_pct": 0,
      "image_url": null,
      "off_barcode": null,
      "group_id": null,
      "match_type": null,
      "match_confidence": null,
      "quantity_g": null,
      "quantity_ml": null,
      "price_per_kg": null,
      "price_per_l": null
    },
    {
      "id": 1238,
      "name": "Арина",
      "store": "Kaufland",
      "price": 1.02,
      "old_price": null,
      "discount_pct": 0,
      "image_url": null,
      "off_barcode": null,
      "group_id": null,
      "match_type": null,
      "match_confidence": null,
      "quantity_g": null,
      "quantity_ml": null,
      "price_per_kg": null,
      "price_per_l": null
    },
    {
      "id": 280,
      "name": "Арина Халва\nразлични видове",
      "store": "Kaufland",
      "price": 1.99,
      "old_price": null,
      "discount_pct": 0,
      "image_url": null,
      "off_barcode": null,
      "group_id": null,
      "match_type": null,
      "match_confidence": null,
      "quantity_g": null,
      "quantity_ml": null,
      "price_per_kg": null,
      "price_per_l": null
    },
    {
      "id": 3104,
      "name": "БИО Многозърнеста багета | LIDL",
      "store": "Lidl",
      "price": 117.35,
      "old_price": null,
      "discount_pct": 0,
      "image_url": null,
      "off_barcode": null,
      "group_id": null,
      "match_type": null,
      "match_confidence": null,
      "quantity_g": null,
      "quantity_ml": null,
      "price_per_kg": null,
      "price_per_l": null
    },
    {
      "id": 2638,
      "name": "БИО Хляб от спелта | LIDL",
      "store": "Lidl",
      "price": 1.17,
      "old_price": null,
      "discount_pct": 0,
      "image_url": null,
      "off_barcode": null,
      "group_id": null,
      "match_type": null,
      "match_confidence": null,
      "quantity_g": null,
      "quantity_ml": null,
      "price_per_kg": null,
      "price_per_l": null
    },
    {
      "id": 2900,
      "name": "БИО Хляб със семена | LIDL",
      "store": "Lidl",
      "price": 1.17,
      "old_price": null,
      "discount_pct": 0,
      "image_url": null,
      "off_barcode": null,
      "group_id": null,
      "match_type": null,
      "match_confidence": null,
      "quantity_g": null,
      "quantity_ml": null,
      "price_per_kg": null,
      "price_per_l": null
    },
    {
      "id": 2844,
      "name": "БИО хлебче | LIDL",
      "store": "Lidl",
      "price": 121.26,
      "old_price": null,
      "discount_pct": 0,
      "image_url": null,
      "off_barcode": null,
      "group_id": null,
      "match_type": null,
      "match_confidence": null,
      "quantity_g": null,
      "quantity_ml": null,
      "price_per_kg": null,
      "price_per_l": null
    },
    {
      "id": 192,
      "name": "БРЕЙ! Гюбек\nнатурален",
      "store": "Kaufland",
      "price": 17.99,
      "old_price": null,
      "discount_pct": 0,
      "image_url": null,
      "off_barcode": null,
      "group_id": null,
      "match_type": null,
      "match_confidence": null,
      "quantity_g": null,
      "quantity_ml": null,
      "price_per_kg": null,
      "price_per_l": null
    },
    {
      "id": 2575,
      "name": "Багета Рустик | LIDL",
      "store": "Lidl",
      "price": 131.04,
      "old_price": null,
      "discount_pct": 0,
      "image_url": null,
      "off_barcode": null,
      "group_id": null,
      "match_type": null,
      "match_confidence": null,
      "quantity_g": null,
      "quantity_ml": null,
      "price_per_kg": null,
      "price_per_l": null
    },
    {
      "id": 4870,
      "name": "Багета по френска рецепта",
      "store": "Lidl",
      "price": 117.35,
      "old_price": null,
      "discount_pct": 0,
      "image_url": null,
      "off_barcode": null,
      "group_id": null,
      "match_type": null,
      "match_confidence": null,
      "quantity_g": null,
      "quantity_ml": null,
      "price_per_kg": null,
      "price_per_l": null
    },
    {
      "id": 2851,
      "name": "Багета по френска рецепта | LIDL",
      "store": "Lidl",
      "price": 119.3,
      "old_price": null,
      "discount_pct": 0,
      "image_url": null,
      "off_barcode": null,
      "group_id": null,
      "match_type": null,
      "match_confidence": null,
      "quantity_g": null,
      "quantity_ml": null,
      "price_per_kg": null,
      "price_per_l": null
    },
    {
      "id": 3015,
      "name": "Багета с чеснов пълнеж | LIDL",
      "store": "Lidl",
      "price": 119.3,
      "old_price": null,
      "discount_pct": 0,
      "image_url": null,
      "off_barcode": null,
      "group_id": null,
      "match_type": null,
      "match_confidence": null,
      "quantity_g": null,
      "quantity_ml": null,
      "price_per_kg": null,
      "price_per_l": null
    },
    {
      "id": 2557,
      "name": "Багета с чесново масло | LIDL",
      "store": "Lidl",
      "price": 121.26,
      "old_price": null,
      "discount_pct": 0,
      "image_url": null,
      "off_barcode": null,
      "group_id": null,
      "match_type": null,
      "match_confidence": null,
      "quantity_g": null,
      "quantity_ml": null,
      "price_per_kg": null,
      "price_per_l": null
    },
    {
      "id": 1181,
      "name": "Багета със семена",
      "store": "Kaufland",
      "price": 0.23,
      "old_price": null,
      "discount_pct": 0,
      "image_url": null,
      "off_barcode": null,
      "group_id": null,
      "match_type": null,
      "match_confidence": null,
      "quantity_g": null,
      "quantity_ml": null,
      "price_per_kg": null,
      "price_per_l": null
    },
    {
      "id": 4332,
      "name": "Багета със семена от нашата пекарна",
      "store": "Kaufland",
      "price": 0.45,
      "old_price": null,
      "discount_pct": 0,
      "image_url": null,
      "off_barcode": null,
      "group_id": null,
      "match_type": null,
      "match_confidence": null,
      "quantity_g": null,
      "quantity_ml": null,
      "price_per_kg": null,
      "price_per_l": null
    },
    {
      "id": 2908,
      "name": "Балсам | LIDL",
      "store": "Lidl",
      "price": 177.98,
      "old_price": null,
      "discount_pct": 0,
      "image_url": null,
      "off_barcode": null,
      "group_id": null,
      "match_type": null,
      "match_confidence": null,
      "quantity_g": null,
      "quantity_ml": null,
      "price_per_kg": null,
      "price_per_l": null
    },
    {
      "id": 3081,
      "name": "Балсам за коса Nature's Beauty | LIDL",
      "store": "Lidl",
      "price": 176.02,
      "old_price": null,
      "discount_pct": 0,
      "image_url": null,
      "off_barcode": null,
      "group_id": null,
      "match_type": null,
      "match_confidence": null,
      "quantity_g": null,
      "quantity_ml": null,
      "price_per_kg": null,
      "price_per_l": null
    },
    {
      "id": 2635,
      "name": "Балсам за коса с провитамин | LIDL",
      "store": "Lidl",
      "price": 162.33,
      "old_price": null,
      "discount_pct": 0,
      "image_url": null,
      "off_barcode": null,
      "group_id": null,
      "match_type": null,
      "match_confidence": null,
      "quantity_g": null,
      "quantity_ml": null,
      "price_per_kg": null,
      "price_per_l": null
    },
    {
      "id": 2573,
      "name": "Баница Премиум | LIDL",
      "store": "Lidl",
      "price": 119.3,
      "old_price": null,
      "discount_pct": 0,
      "image_url": null,
      "off_barcode": null,
      "group_id": null,
      "match_type": null,
      "match_confidence": null,
      "quantity_g": null,
      "quantity_ml": null,
      "price_per_kg": null,
      "price_per_l": null
    },
    {
      "id": 4752,
      "name": "Баница със сирене",
      "store": "Lidl",
      "price": 119.3,
      "old_price": null,
      "discount_pct": 0,
      "image_url": null,
      "off_barcode": null,
      "group_id": null,
      "match_type": null,
      "match_confidence": null,
      "quantity_g": null,
      "quantity_ml": null,
      "price_per_kg": null,
      "price_per_l": null
    },
    {
      "id": 2634,
      "name": "Баница със сирене | LIDL",
      "store": "Lidl",
      "price": 117.35,
      "old_price": null,
      "discount_pct": 0,
      "image_url": null,
      "off_barcode": null,
      "group_id": null,
      "match_type": null,
      "match_confidence": null,
      "quantity_g": null,
      "quantity_ml": null,
      "price_per_kg": null,
      "price_per_l": null
    },
    {
      "id": 4783,
      "name": "Баница със сирене и спанак",
      "store": "Lidl",
      "price": 119.3,
      "old_price": null,
      "discount_pct": 0,
      "image_url": null,
      "off_barcode": null,
      "group_id": null,
      "match_type": null,
      "match_confidence": null,
      "quantity_g": null,
      "quantity_ml": null,
      "price_per_kg": null,
      "price_per_l": null
    },
    {
      "id": 2687,
      "name": "Баница със сирене и спанак | LIDL",
      "store": "Lidl",
      "price": 117.35,
      "old_price": null,
      "discount_pct": 0,
      "image_url": null,
      "off_barcode": null,
      "group_id": null,
      "match_type": null,
      "match_confidence": null,
      "quantity_g": null,
      "quantity_ml": null,
      "price_per_kg": null,
      "price_per_l": null
    },
    {
      "id": 228,
      "name": "Баничка тип пура от нашата пекарна",
      "store": "Lidl",
      "price": 1.19,
      "old_price": null,
      "discount_pct": 0,
      "image_url": null,
      "off_barcode": null,
      "group_id": "g_c51ce410",
      "match_type": "name_similarity",
      "match_confidence": 1.0,
      "quantity_g": null,
      "quantity_ml": null,
      "price_per_kg": null,
      "price_per_l": null
    },
    {
      "id": 6056,
      "name": "Бебешки боди",
      "store": "Lidl",
      "price": 3.06,
      "old_price": null,
      "discount_pct": 0,
      "image_url": null,
      "off_barcode": null,
      "group_id": null,
      "match_type": null,
      "match_confidence": null,
      "quantity_g": null,
      "quantity_ml": null,
      "price_per_kg": null,
      "price_per_l": null
    },
    {
      "id": 6055,
      "name": "Бебешки гащеризон",
      "store": "Lidl",
      "price": 5.62,
      "old_price": null,
      "discount_pct": 0,
      "image_url": null,
      "off_barcode": null,
      "group_id": null,
      "match_type": null,
      "match_confidence": null,
      "quantity_g": null,
      "quantity_ml": null,
      "price_per_kg": null,
      "price_per_l": null
    },
    {
      "id": 6057,
      "name": "Бебешки клинове",
      "store": "Lidl",
      "price": 5.11,
      "old_price": null,
      "discount_pct": 0,
      "image_url": null,
      "off_barcode": null,
      "group_id": null,
      "match_type": null,
      "match_confidence": null,
      "quantity_g": null,
      "quantity_ml": null,
      "price_per_kg": null,
      "price_per_l": null
    },
    {
      "id": 4256,
      "name": "Бегония Ø12 см",
      "store": "Kaufland",
      "price": 8.98,
      "old_price": null,
      "discount_pct": 0,
      "image_url": null,
      "off_barcode": null,
      "group_id": null,
      "match_type": null,
      "match_confidence": null,
      "quantity_g": null,
      "quantity_ml": null,
      "price_per_kg": null,
      "price_per_l": null
    },
    {
      "id": 2999,
      "name": "Бейгъл | LIDL",
      "store": "Lidl",
      "price": 1.17,
      "old_price": null,
      "discount_pct": 0,
      "image_url": null,
      "off_barcode": null,
      "group_id": null,
      "match_type": null,
      "match_confidence": null,
      "quantity_g": null,
      "quantity_ml": null,
      "price_per_kg": null,
      "price_per_l": null
    },
    {
      "id": 5744,
      "name": "Био банани",
      "store": "Lidl",
      "price": 1.69,
      "old_price": null,
      "discount_pct": 0,
      "image_url": null,
      "off_barcode": null,
      "group_id": null,
      "match_type": null,
      "match_confidence": null,
      "quantity_g": null,
      "quantity_ml": null,
      "price_per_kg": null,
      "price_per_l": null
    },
    {
      "id": 3084,
      "name": "Бирени наденички с праз лук | LIDL",
      "store": "Lidl",
      "price": 125.17,
      "old_price": null,
      "discount_pct": 0,
      "image_url": null,
      "off_barcode": null,
      "group_id": null,
      "match_type": null,
      "match_confidence": null,
      "quantity_g": null,
      "quantity_ml": null,
      "price_per_kg": null,
      "price_per_l": null
    },
    {
      "id": 2678,
      "name": "Бисквитки Дулсе де Лече | LIDL",
      "store": "Lidl",
      "price": 119.3,
      "old_price": null,
      "discount_pct": 0,
      "image_url": null,
      "off_barcode": null,
      "group_id": null,
      "match_type": null,
      "match_confidence": null,
      "quantity_g": null,
      "quantity_ml": null,
      "price_per_kg": null,
      "price_per_l": null
    },
    {
      "id": 1061,
      "name": "Бони",
      "store": "Kaufland",
      "price": 4.85,
      "old_price": null,
      "discount_pct": 0,
      "image_url": null,
      "off_barcode": null,
      "group_id": null,
      "match_type": null,
      "match_confidence": null,
      "quantity_g": null,
      "quantity_ml": null,
      "price_per_kg": null,
      "price_per_l": null
    },
    {
      "id": 143,
      "name": "Бони Бирени пръчици\nпромопакет",
      "store": "Kaufland",
      "price": 9.49,
      "old_price": null,
      "discount_pct": 0,
      "image_url": null,
      "off_barcode": null,
      "group_id": null,
      "match_type": null,
      "match_confidence": null,
      "quantity_g": null,
      "quantity_ml": null,
      "price_per_kg": null,
      "price_per_l": null
    },
    {
      "id": 5821,
      "name": "Бочко Бебешки влажни кърпички",
      "store": "Lidl",
      "price": 2.55,
      "old_price": null,
      "discount_pct": 0,
      "image_url": null,
      "off_barcode": null,
      "group_id": null,
      "match_type": null,
      "match_confidence": null,
      "quantity_g": null,
      "quantity_ml": null,
      "price_per_kg": null,
      "price_per_l": null
    },
    {
      "id": 2582,
      "name": "Брецел | LIDL",
      "store": "Lidl",
      "price": 1.15,
      "old_price": null,
      "discount_pct": 0,
      "image_url": null,
      "off_barcode": null,
      "group_id": null,
      "match_type": null,
      "match_confidence": null,
      "quantity_g": null,
      "quantity_ml": null,
      "price_per_kg": null,
      "price_per_l": null
    },
    {
      "id": 4782,
      "name": "Брецел с гауда и маасдамер",
      "store": "Lidl",
      "price": 1.19,
      "old_price": null,
      "discount_pct": 0,
      "image_url": null,
      "off_barcode": null,
      "group_id": null,
      "match_type": null,
      "match_confidence": null,
      "quantity_g": null,
      "quantity_ml": null,
      "price_per_kg": null,
      "price_per_l": null
    },
    {
      "id": 2772,
      "name": "Брецел с гауда и маасдамер | LIDL",
      "store": "Lidl",
      "price": 1.21,
      "old_price": null,
      "discount_pct": 0,
      "image_url": null,
      "off_barcode": null,
      "group_id": null,
      "match_type": null,
      "match_confidence": null,
      "quantity_g": null,
      "quantity_ml": null,
      "price_per_kg": null,
      "price_per_l": null
    },
    {
      "id": 2654,
      "name": "Брецел с масло | LIDL",
      "store": "Lidl",
      "price": 1.17,
      "old_price": null,
      "discount_pct": 0,
      "image_url": null,
      "off_barcode": null,
      "group_id": null,
      "match_type": null,
      "match_confidence": null,
      "quantity_g": null,
      "quantity_ml": null,
      "price_per_kg": null,
      "price_per_l": null
    },
    {
      "id": 2779,
      "name": "Бриош кроасан с крем с какао | LIDL",
      "store": "Lidl",
      "price": 1.19,
      "old_price": null,
      "discount_pct": 0,
      "image_url": null,
      "off_barcode": null,
      "group_id": null,
      "match_type": null,
      "match_confidence": null,
      "quantity_g": null,
      "quantity_ml": null,
      "price_per_kg": null,
      "price_per_l": null
    },
    {
      "id": 2824,
      "name": "Бриош с шоколад | LIDL",
      "store": "Lidl",
      "price": 1.17,
      "old_price": null,
      "discount_pct": 0,
      "image_url": null,
      "off_barcode": null,
      "group_id": null,
      "match_type": null,
      "match_confidence": null,
      "quantity_g": null,
      "quantity_ml": null,
      "price_per_kg": null,
      "price_per_l": null
    },
    {
      "id": 3196,
      "name": "Бромелия в керамика",
      "store": "Kaufland",
      "price": 22.98,
      "old_price": null,
      "discount_pct": 0,
      "image_url": null,
      "off_barcode": null,
      "group_id": null,
      "match_type": null,
      "match_confidence": null,
      "quantity_g": null,
      "quantity_ml": null,
      "price_per_kg": null,
      "price_per_l": null
    },
    {
      "id": 2627,
      "name": "Брускета | LIDL",
      "store": "Lidl",
      "price": 1.17,
      "old_price": null,
      "discount_pct": 0,
      "image_url": null,
      "off_barcode": null,
      "group_id": null,
      "match_type": null,
      "match_confidence": null,
      "quantity_g": null,
      "quantity_ml": null,
      "price_per_kg": null,
      "price_per_l": null
    },
    {
      "id": 3195,
      "name": "Букет рози",
      "store": "Kaufland",
      "price": 6.98,
      "old_price": null,
      "discount_pct": 0,
      "image_url": null,
      "off_barcode": null,
      "group_id": null,
      "match_type": null,
      "match_confidence": null,
      "quantity_g": null,
      "quantity_ml": null,
      "price_per_kg": null,
      "price_per_l": null
    },
    {
      "id": 1031,
      "name": "Букет рози и гербери",
      "store": "Kaufland",
      "price": 6.64,
      "old_price": null,
      "discount_pct": 0,
      "image_url": null,
      "off_barcode": null,
      "group_id": null,
      "match_type": null,
      "match_confidence": null,
      "quantity_g": null,
      "quantity_ml": null,
      "price_per_kg": null,
      "price_per_l": null
    },
    {
      "id": 5962,
      "name": "Букет „Любов“",
      "store": "Lidl",
      "price": 9.99,
      "old_price": null,
      "discount_pct": 0,
      "image_url": null,
      "off_barcode": null,
      "group_id": null,
      "match_type": null,
      "match_confidence": null,
      "quantity_g": null,
      "quantity_ml": null,
      "price_per_kg": null,
      "price_per_l": null
    },
    {
      "id": 5961,
      "name": "Букет „Цветен празник“",
      "store": "Lidl",
      "price": 8.45,
      "old_price": null,
      "discount_pct": 0,
      "image_url": null,
      "off_barcode": null,
      "group_id": null,
      "match_type": null,
      "match_confidence": null,
      "quantity_g": null,
      "quantity_ml": null,
      "price_per_kg": null,
      "price_per_l": null
    },
    {
      "id": 5783,
      "name": "Булгарче Кашкавал",
      "store": "Lidl",
      "price": 3.06,
      "old_price": null,
      "discount_pct": 0,
      "image_url": null,
      "off_barcode": null,
      "group_id": null,
      "match_type": null,
      "match_confidence": null,
      "quantity_g": null,
      "quantity_ml": null,
      "price_per_kg": null,
      "price_per_l": null
    },
    {
      "id": 5780,
      "name": "Бургери от младо телешко XXL",
      "store": "Lidl",
      "price": 5.62,
      "old_price": null,
      "discount_pct": 0,
      "image_url": null,
      "off_barcode": null,
      "group_id": null,
      "match_type": null,
      "match_confidence": null,
      "quantity_g": null,
      "quantity_ml": null,
      "price_per_kg": null,
      "price_per_l": null
    },
    {
      "id": 5935,
      "name": "Бутербанички",
      "store": "Lidl",
      "price": 2.55,
      "old_price": null,
      "discount_pct": 0,
      "image_url": null,
      "off_barcode": null,
      "group_id": null,
      "match_type": null,
      "match_confidence": null,
      "quantity_g": null,
      "quantity_ml": null,
      "price_per_kg": null,
      "price_per_l": null
    },
    {
      "id": 4759,
      "name": "Бутерка с шоколад",
      "store": "Lidl",
      "price": 1.19,
      "old_price": null,
      "discount_pct": 0,
      "image_url": null,
      "off_barcode": null,
      "group_id": null,
      "match_type": null,
      "match_confidence": null,
      "quantity_g": null,
      "quantity_ml": null,
      "price_per_kg": null,
      "price_per_l": null
    },
    {
      "id": 2726,
      "name": "Бутерка с шоколад | LIDL",
      "store": "Lidl",
      "price": 1.25,
      "old_price": null,
      "discount_pct": 0,
      "image_url": null,
      "off_barcode": null,
      "group_id": null,
      "match_type": null,
      "match_confidence": null,
      "quantity_g": null,
      "quantity_ml": null,
      "price_per_kg": null,
      "price_per_l": null
    },
    {
      "id": 5726,
      "name": "Български пчелен мед",
      "store": "Lidl",
      "price": 20.99,
      "old_price": null,
      "discount_pct": 0,
      "image_url": null,
      "off_barcode": null,
      "group_id": null,
      "match_type": null,
      "match_confidence": null,
      "quantity_g": null,
      "quantity_ml": null,
      "price_per_kg": null,
      "price_per_l": null
    },
    {
      "id": 5715,
      "name": "Българско бяло саламурено сирене XXL",
      "store": "Lidl",
      "price": 4.6,
      "old_price": null,
      "discount_pct": 0,
      "image_url": null,
      "off_barcode": null,
      "group_id": null,
      "match_type": null,
      "match_confidence": null,
      "quantity_g": null,
      "quantity_ml": null,
      "price_per_kg": null,
      "price_per_l": null
    },
    {
      "id": 5926,
      "name": "Бюрек",
      "store": "Lidl",
      "price": 3.06,
      "old_price": null,
      "discount_pct": 0,
      "image_url": null,
      "off_barcode": null,
      "group_id": null,
      "match_type": null,
      "match_confidence": null,
      "quantity_g": null,
      "quantity_ml": null,
      "price_per_kg": null,
      "price_per_l": null
    },
    {
      "id": 2679,
      "name": "Бюрек с шунка и гауда | LIDL",
      "store": "Lidl",
      "price": 119.3,
      "old_price": null,
      "discount_pct": 0,
      "image_url": null,
      "off_barcode": null,
      "group_id": null,
      "match_type": null,
      "match_confidence": null,
      "quantity_g": null,
      "quantity_ml": null,
      "price_per_kg": null,
      "price_per_l": null
    },
    {
      "id": 2904,
      "name": "Бюрек със сирене | LIDL",
      "store": "Lidl",
      "price": 119.3,
      "old_price": null,
      "discount_pct": 0,
      "image_url": null,
      "off_barcode": null,
      "group_id": null,
      "match_type": null,
      "match_confidence": null,
      "quantity_g": null,
      "quantity_ml": null,
      "price_per_kg": null,
      "price_per_l": null
    },
    {
      "id": 3069,
      "name": "Бял кайзер земел | LIDL",
      "store": "Lidl",
      "price": 1.23,
      "old_price": null,
      "discount_pct": 0,
      "image_url": null,
      "off_barcode": null,
      "group_id": null,
      "match_type": null,
      "match_confidence": null,
      "quantity_g": null,
      "quantity_ml": null,
      "price_per_kg": null,
      "price_per_l": null
    },
    {
      "id": 4790,
      "name": "Бял хляб",
      "store": "Lidl",
      "price": 1.19,
      "old_price": null,
      "discount_pct": 0,
      "image_url": null,
      "off_barcode": null,
      "group_id": "g_aab32389",
      "match_type": "name_similarity",
      "match_confidence": 1.0,
      "quantity_g": null,
      "quantity_ml": null,
      "price_per_kg": null,
      "price_per_l": null
    },
    {
      "id": 3123,
      "name": "Бял хляб | LIDL",
      "store": "Lidl",
      "price": 1.17,
      "old_price": null,
      "discount_pct": 0,
      "image_url": null,
      "off_barcode": null,
      "group_id": null,
      "match_type": null,
      "match_confidence": null,
      "quantity_g": null,
      "quantity_ml": null,
      "price_per_kg": null,
      "price_per_l": null
    },
    {
      "id": 2586,
      "name": "Бял хляб с квас | LIDL",
      "store": "Lidl",
      "price": 1.23,
      "old_price": null,
      "discount_pct": 0,
      "image_url": null,
      "off_barcode": null,
      "group_id": null,
      "match_type": null,
      "match_confidence": null,
      "quantity_g": null,
      "quantity_ml": null,
      "price_per_kg": null,
      "price_per_l": null
    },
    {
      "id": 3010,
      "name": "Бял хляб със сусамена поръска | LIDL",
      "store": "Lidl",
      "price": 1.17,
      "old_price": null,
      "discount_pct": 0,
      "image_url": null,
      "off_barcode": null,
      "group_id": null,
      "match_type": null,
      "match_confidence": null,
      "quantity_g": null,
      "quantity_ml": null,
      "price_per_kg": null,
      "price_per_l": null
    },
    {
      "id": 2631,
      "name": "Бяла рустикална багета | LIDL",
      "store": "Lidl",
      "price": 117.35,
      "old_price": null,
      "discount_pct": 0,
      "image_url": null,
      "off_barcode": null,
      "group_id": null,
      "match_type": null,
      "match_confidence": null,
      "quantity_g": null,
      "quantity_ml": null,
      "price_per_kg": null,
      "price_per_l": null
    },
    {
      "id": 1283,
      "name": "ВЕЛИНГРАД",
      "store": "Kaufland",
      "price": 2.04,
      "old_price": null,
      "discount_pct": 0,
      "image_url": null,
      "off_barcode": null,
      "group_id": null,
      "match_type": null,
      "match_confidence": null,
      "quantity_g": null,
      "quantity_ml": null,
      "price_per_kg": null,
      "price_per_l": null
    },
    {
      "id": 365,
      "name": "ВЕЛИНГРАД Mинерална вода\nпромопакет",
      "store": "Kaufland",
      "price": 3.99,
      "old_price": null,
      "discount_pct": 0,
      "image_url": null,
      "off_barcode": null,
      "group_id": null,
      "match_type": null,
      "match_confidence": null,
      "quantity_g": null,
      "quantity_ml": null,
      "price_per_kg": null,
      "price_per_l": null
    },
    {
      "id": 5755,
      "name": "Вафли",
      "store": "Lidl",
      "price": 2.99,
      "old_price": null,
      "discount_pct": 0,
      "image_url": null,
      "off_barcode": null,
      "group_id": null,
      "match_type": null,
      "match_confidence": null,
      "quantity_g": null,
      "quantity_ml": null,
      "price_per_kg": null,
      "price_per_l": null
    },
    {
      "id": 5800,
      "name": "Вафли със сирене",
      "store": "Lidl",
      "price": 1.79,
      "old_price": null,
      "discount_pct": 0,
      "image_url": null,
      "off_barcode": null,
      "group_id": null,
      "match_type": null,
      "match_confidence": null,
      "quantity_g": null,
      "quantity_ml": null,
      "price_per_kg": null,
      "price_per_l": null
    },
    {
      "id": 2724,
      "name": "Веган Донат | LIDL",
      "store": "Lidl",
      "price": 1.19,
      "old_price": null,
      "discount_pct": 0,
      "image_url": null,
      "off_barcode": null,
      "group_id": null,
      "match_type": null,
      "match_confidence": null,
      "quantity_g": null,
      "quantity_ml": null,
      "price_per_kg": null,
      "price_per_l": null
    },
    {
      "id": 2721,
      "name": "Веган мъфин | LIDL",
      "store": "Lidl",
      "price": 1.17,
      "old_price": null,
      "discount_pct": 0,
      "image_url": null,
      "off_barcode": null,
      "group_id": null,
      "match_type": null,
      "match_confidence": null,
      "quantity_g": null,
      "quantity_ml": null,
      "price_per_kg": null,
      "price_per_l": null
    },
    {
      "id": 2561,
      "name": "Великденски донат | LIDL",
      "store": "Lidl",
      "price": 1.17,
      "old_price": null,
      "discount_pct": 0,
      "image_url": null,
      "off_barcode": null,
      "group_id": null,
      "match_type": null,
      "match_confidence": null,
      "quantity_g": null,
      "quantity_ml": null,
      "price_per_kg": null,
      "price_per_l": null
    },
    {
      "id": 3134,
      "name": "Велико кюфте | LIDL",
      "store": "Lidl",
      "price": 125.17,
      "old_price": null,
      "discount_pct": 0,
      "image_url": null,
      "off_barcode": null,
      "group_id": null,
      "match_type": null,
      "match_confidence": null,
      "quantity_g": null,
      "quantity_ml": null,
      "price_per_kg": null,
      "price_per_l": null
    },
    {
      "id": 4825,
      "name": "Вита баница със сирене",
      "store": "Lidl",
      "price": 129.08,
      "old_price": null,
      "discount_pct": 0,
      "image_url": null,
      "off_barcode": null,
      "group_id": null,
      "match_type": null,
      "match_confidence": null,
      "quantity_g": null,
      "quantity_ml": null,
      "price_per_kg": null,
      "price_per_l": null
    },
    {
      "id": 2729,
      "name": "Вита баница със сирене | LIDL",
      "store": "Lidl",
      "price": 119.3,
      "old_price": null,
      "discount_pct": 0,
      "image_url": null,
      "off_barcode": null,
      "group_id": null,
      "match_type": null,
      "match_confidence": null,
      "quantity_g": null,
      "quantity_ml": null,
      "price_per_kg": null,
      "price_per_l": null
    },
    {
      "id": 5811,
      "name": "Вода за уста XXL",
      "store": "Lidl",
      "price": 1.89,
      "old_price": null,
      "discount_pct": 0,
      "image_url": null,
      "off_barcode": null,
      "group_id": null,
      "match_type": null,
      "match_confidence": null,
      "quantity_g": null,
      "quantity_ml": null,
      "price_per_kg": null,
      "price_per_l": null
    },
    {
      "id": 5760,
      "name": "Геврек",
      "store": "Lidl",
      "price": 0.66,
      "old_price": null,
      "discount_pct": 0,
      "image_url": null,
      "off_barcode": null,
      "group_id": null,
      "match_type": null,
      "match_confidence": null,
      "quantity_g": null,
      "quantity_ml": null,
      "price_per_kg": null,
      "price_per_l": null
    },
    {
      "id": 2917,
      "name": "Геврек | LIDL",
      "store": "Lidl",
      "price": 117.35,
      "old_price": null,
      "discount_pct": 0,
      "image_url": null,
      "off_barcode": null,
      "group_id": null,
      "match_type": null,
      "match_confidence": null,
      "quantity_g": null,
      "quantity_ml": null,
      "price_per_kg": null,
      "price_per_l": null
    },
    {
      "id": 223,
      "name": "Геврек със сирене и сусам от нашата пекарна",
      "store": "Lidl",
      "price": 117.35,
      "old_price": null,
      "discount_pct": 0,
      "image_url": null,
      "off_barcode": null,
      "group_id": null,
      "match_type": null,
      "match_confidence": null,
      "quantity_g": null,
      "quantity_ml": null,
      "price_per_kg": null,
      "price_per_l": null
    },
    {
      "id": 2674,
      "name": "Геврек със сирене и сусамова поръска | LIDL",
      "store": "Lidl",
      "price": 117.35,
      "old_price": null,
      "discount_pct": 0,
      "image_url": null,
      "off_barcode": null,
      "group_id": null,
      "match_type": null,
      "match_confidence": null,
      "quantity_g": null,
      "quantity_ml": null,
      "price_per_kg": null,
      "price_per_l": null
    },
    {
      "id": 4784,
      "name": "Геврек със сусам",
      "store": "Lidl",
      "price": 125.17,
      "old_price": null,
      "discount_pct": 0,
      "image_url": null,
      "off_barcode": null,
      "group_id": null,
      "match_type": null,
      "match_confidence": null,
      "quantity_g": null,
      "quantity_ml": null,
      "price_per_kg": null,
      "price_per_l": null
    },
    {
      "id": 2579,
      "name": "Геврек със сусам | LIDL",
      "store": "Lidl",
      "price": 117.35,
      "old_price": null,
      "discount_pct": 0,
      "image_url": null,
      "off_barcode": null,
      "group_id": null,
      "match_type": null,
      "match_confidence": null,
      "quantity_g": null,
      "quantity_ml": null,
      "price_per_kg": null,
      "price_per_l": null
    },
    {
      "id": 2932,
      "name": "Гел за бръснене Hydro | LIDL",
      "store": "Lidl",
      "price": 146.69,
      "old_price": null,
      "discount_pct": 0,
      "image_url": null,
      "off_barcode": null,
      "group_id": null,
      "match_type": null,
      "match_confidence": null,
      "quantity_g": null,
      "quantity_ml": null,
      "price_per_kg": null,
      "price_per_l": null
    },
    {
      "id": 2858,
      "name": "Гел/пилинг за лице | LIDL",
      "store": "Lidl",
      "price": 177.98,
      "old_price": null,
      "discount_pct": 0,
      "image_url": null,
      "off_barcode": null,
      "group_id": null,
      "match_type": null,
      "match_confidence": null,
      "quantity_g": null,
      "quantity_ml": null,
      "price_per_kg": null,
      "price_per_l": null
    },
    {
      "id": 3194,
      "name": "Гербер",
      "store": "Kaufland",
      "price": 7.39,
      "old_price": null,
      "discount_pct": 0,
      "image_url": null,
      "off_barcode": null,
      "group_id": null,
      "match_type": null,
      "match_confidence": null,
      "quantity_g": null,
      "quantity_ml": null,
      "price_per_kg": null,
      "price_per_l": null
    },
    {
      "id": 4247,
      "name": "Глоксиния Стайно растение",
      "store": "Kaufland",
      "price": 8.98,
      "old_price": null,
      "discount_pct": 0,
      "image_url": null,
      "off_barcode": null,
      "group_id": null,
      "match_type": null,
      "match_confidence": null,
      "quantity_g": null,
      "quantity_ml": null,
      "price_per_kg": null,
      "price_per_l": null
    },
    {
      "id": 3538,
      "name": "Горна Баня Минерална вода",
      "store": "Lidl",
      "price": 1.02,
      "old_price": null,
      "discount_pct": 0,
      "image_url": null,
      "off_barcode": null,
      "group_id": "g_9bf31c7f",
      "match_type": "name_similarity",
      "match_confidence": 1.0,
      "quantity_g": null,
      "quantity_ml": null,
      "price_per_kg": null,
      "price_per_l": null
    },
    {
      "id": 5930,
      "name": "Готово ястие с нудли",
      "store": "Lidl",
      "price": 3.06,
      "old_price": null,
      "discount_pct": 0,
      "image_url": null,
      "off_barcode": null,
      "group_id": null,
      "match_type": null,
      "match_confidence": null,
      "quantity_g": null,
      "quantity_ml": null,
      "price_per_kg": null,
      "price_per_l": null
    },
    {
      "id": 5771,
      "name": "Градус Прясно цяло пиле",
      "store": "Lidl",
      "price": 3.06,
      "old_price": null,
      "discount_pct": 0,
      "image_url": null,
      "off_barcode": null,
      "group_id": null,
      "match_type": null,
      "match_confidence": null,
      "quantity_g": null,
      "quantity_ml": null,
      "price_per_kg": null,
      "price_per_l": null
    },
    {
      "id": 2682,
      "name": "Гъба за баня за деца | LIDL",
      "store": "Lidl",
      "price": 177.98,
      "old_price": null,
      "discount_pct": 0,
      "image_url": null,
      "off_barcode": null,
      "group_id": null,
      "match_type": null,
      "match_confidence": null,
      "quantity_g": null,
      "quantity_ml": null,
      "price_per_kg": null,
      "price_per_l": null
    },
    {
      "id": 3264,
      "name": "ДЕЛИКАТЕС ЖИТНИЦА Бекон\nварено-пушен",
      "store": "Kaufland",
      "price": 8.98,
      "old_price": null,
      "discount_pct": 0,
      "image_url": null,
      "off_barcode": null,
      "group_id": null,
      "match_type": null,
      "match_confidence": null,
      "quantity_g": null,
      "quantity_ml": null,
      "price_per_kg": null,
      "price_per_l": null
    },
    {
      "id": 1102,
      "name": "ДИМИТЪР МАДЖАРОВ",
      "store": "Kaufland",
      "price": 10.73,
      "old_price": null,
      "discount_pct": 0,
      "image_url": null,
      "off_barcode": null,
      "group_id": null,
      "match_type": null,
      "match_confidence": null,
      "quantity_g": null,
      "quantity_ml": null,
      "price_per_kg": null,
      "price_per_l": null
    },
    {
      "id": 184,
      "name": "ДИМИТЪР МАДЖАРОВ Сиренe от козе мляко\nот свежата витрина",
      "store": "Kaufland",
      "price": 20.99,
      "old_price": null,
      "discount_pct": 0,
      "image_url": null,
      "off_barcode": null,
      "group_id": null,
      "match_type": null,
      "match_confidence": null,
      "quantity_g": null,
      "quantity_ml": null,
      "price_per_kg": null,
      "price_per_l": null
    },
    {
      "id": 3058,
      "name": "Дамски самобръсначки с 2 ножчета | LIDL",
      "store": "Lidl",
      "price": 146.69,
      "old_price": null,
      "discount_pct": 0,
      "image_url": null,
      "off_barcode": null,
      "group_id": null,
      "match_type": null,
      "match_confidence": null,
      "quantity_g": null,
      "quantity_ml": null,
      "price_per_kg": null,
      "price_per_l": null
    },
    {
      "id": 5951,
      "name": "Декоративна мини градина",
      "store": "Lidl",
      "price": 7.15,
      "old_price": null,
      "discount_pct": 0,
      "image_url": null,
      "off_barcode": null,
      "group_id": null,
      "match_type": null,
      "match_confidence": null,
      "quantity_g": null,
      "quantity_ml": null,
      "price_per_kg": null,
      "price_per_l": null
    },
    {
      "id": 4754,
      "name": "Дентални пръчици за кучета",
      "store": "Lidl",
      "price": 172.11,
      "old_price": null,
      "discount_pct": 0,
      "image_url": null,
      "off_barcode": null,
      "group_id": null,
      "match_type": null,
      "match_confidence": null,
      "quantity_g": null,
      "quantity_ml": null,
      "price_per_kg": null,
      "price_per_l": null
    },
    {
      "id": 2865,
      "name": "Дентални пръчици за кучета | LIDL",
      "store": "Lidl",
      "price": 164.29,
      "old_price": null,
      "discount_pct": 0,
      "image_url": null,
      "off_barcode": null,
      "group_id": null,
      "match_type": null,
      "match_confidence": null,
      "quantity_g": null,
      "quantity_ml": null,
      "price_per_kg": null,
      "price_per_l": null
    },
    {
      "id": 2698,
      "name": "Десерт Pasteis de nata от бутертесто и лек крем | LIDL",
      "store": "Lidl",
      "price": 121.26,
      "old_price": null,
      "discount_pct": 0,
      "image_url": null,
      "off_barcode": null,
      "group_id": null,
      "match_type": null,
      "match_confidence": null,
      "quantity_g": null,
      "quantity_ml": null,
      "price_per_kg": null,
      "price_per_l": null
    },
    {
      "id": 6037,
      "name": "Детска книга",
      "store": "Lidl",
      "price": 7.15,
      "old_price": null,
      "discount_pct": 0,
      "image_url": null,
      "off_barcode": null,
      "group_id": null,
      "match_type": null,
      "match_confidence": null,
      "quantity_g": null,
      "quantity_ml": null,
      "price_per_kg": null,
      "price_per_l": null
    },
    {
      "id": 6052,
      "name": "Детска пижама",
      "store": "Lidl",
      "price": 7.15,
      "old_price": null,
      "discount_pct": 0,
      "image_url": null,
      "off_barcode": null,
      "group_id": null,
      "match_type": null,
      "match_confidence": null,
      "quantity_g": null,
      "quantity_ml": null,
      "price_per_kg": null,
      "price_per_l": null
    },
    {
      "id": 6041,
      "name": "Детски гумени ботуши",
      "store": "Lidl",
      "price": 11.75,
      "old_price": null,
      "discount_pct": 0,
      "image_url": null,
      "off_barcode": null,
      "group_id": null,
      "match_type": null,
      "match_confidence": null,
      "quantity_g": null,
      "quantity_ml": null,
      "price_per_kg": null,
      "price_per_l": null
    },
    {
      "id": 6058,
      "name": "Детски клин",
      "store": "Lidl",
      "price": 3.57,
      "old_price": null,
      "discount_pct": 0,
      "image_url": null,
      "off_barcode": null,
      "group_id": null,
      "match_type": null,
      "match_confidence": null,
      "quantity_g": null,
      "quantity_ml": null,
      "price_per_kg": null,
      "price_per_l": null
    },
    {
      "id": 6054,
      "name": "Детски спортен панталон",
      "store": "Lidl",
      "price": 6.13,
      "old_price": null,
      "discount_pct": 0,
      "image_url": null,
      "off_barcode": null,
      "group_id": null,
      "match_type": null,
      "match_confidence": null,
      "quantity_g": null,
      "quantity_ml": null,
      "price_per_kg": null,
      "price_per_l": null
    },
    {
      "id": 6051,
      "name": "Детски суитшърт",
      "store": "Lidl",
      "price": 6.64,
      "old_price": null,
      "discount_pct": 0,
      "image_url": null,
      "off_barcode": null,
      "group_id": null,
      "match_type": null,
      "match_confidence": null,
      "quantity_g": null,
      "quantity_ml": null,
      "price_per_kg": null,
      "price_per_l": null
    },
    {
      "id": 6053,
      "name": "Детски тениски",
      "store": "Lidl",
      "price": 5.62,
      "old_price": null,
      "discount_pct": 0,
      "image_url": null,
      "off_barcode": null,
      "group_id": null,
      "match_type": null,
      "match_confidence": null,
      "quantity_g": null,
      "quantity_ml": null,
      "price_per_kg": null,
      "price_per_l": null
    },
    {
      "id": 582,
      "name": "Детски чорапи",
      "store": "Lidl",
      "price": 2.55,
      "old_price": null,
      "discount_pct": 0,
      "image_url": null,
      "off_barcode": null,
      "group_id": null,
      "match_type": null,
      "match_confidence": null,
      "quantity_g": null,
      "quantity_ml": null,
      "price_per_kg": null,
      "price_per_l": null
    },
    {
      "id": 2554,
      "name": "Джинджифилов мъфин | LIDL",
      "store": "Lidl",
      "price": 1.17,
      "old_price": null,
      "discount_pct": 0,
      "image_url": null,
      "off_barcode": null,
      "group_id": null,
      "match_type": null,
      "match_confidence": null,
      "quantity_g": null,
      "quantity_ml": null,
      "price_per_kg": null,
      "price_per_l": null
    },
    {
      "id": 2841,
      "name": "Джинджифилово човече | LIDL",
      "store": "Lidl",
      "price": 1.17,
      "old_price": null,
      "discount_pct": 0,
      "image_url": null,
      "off_barcode": null,
      "group_id": null,
      "match_type": null,
      "match_confidence": null,
      "quantity_g": null,
      "quantity_ml": null,
      "price_per_kg": null,
      "price_per_l": null
    },
    {
      "id": 3866,
      "name": "Диоптрични очила +1,5 до +3,0",
      "store": "Kaufland",
      "price": 2.48,
      "old_price": null,
      "discount_pct": 0,
      "image_url": null,
      "off_barcode": null,
      "group_id": null,
      "match_type": null,
      "match_confidence": null,
      "quantity_g": null,
      "quantity_ml": null,
      "price_per_kg": null,
      "price_per_l": null
    },
    {
      "id": 2822,
      "name": "Дневен или нощен крем Q10 | LIDL",
      "store": "Lidl",
      "price": 176.02,
      "old_price": null,
      "discount_pct": 0,
      "image_url": null,
      "off_barcode": null,
      "group_id": null,
      "match_type": null,
      "match_confidence": null,
      "quantity_g": null,
      "quantity_ml": null,
      "price_per_kg": null,
      "price_per_l": null
    },
    {
      "id": 2995,
      "name": "Донат | LIDL",
      "store": "Lidl",
      "price": 1.17,
      "old_price": null,
      "discount_pct": 0,
      "image_url": null,
      "off_barcode": null,
      "group_id": null,
      "match_type": null,
      "match_confidence": null,
      "quantity_g": null,
      "quantity_ml": null,
      "price_per_kg": null,
      "price_per_l": null
    },
    {
      "id": 3020,
      "name": "Донат карамел с пълнеж | LIDL",
      "store": "Lidl",
      "price": 1.17,
      "old_price": null,
      "discount_pct": 0,
      "image_url": null,
      "off_barcode": null,
      "group_id": null,
      "match_type": null,
      "match_confidence": null,
      "quantity_g": null,
      "quantity_ml": null,
      "price_per_kg": null,
      "price_per_l": null
    },
    {
      "id": 3129,
      "name": "Донат с Маршмелоу | LIDL",
      "store": "Lidl",
      "price": 1.19,
      "old_price": null,
      "discount_pct": 0,
      "image_url": null,
      "off_barcode": null,
      "group_id": null,
      "match_type": null,
      "match_confidence": null,
      "quantity_g": null,
      "quantity_ml": null,
      "price_per_kg": null,
      "price_per_l": null
    },
    {
      "id": 2696,
      "name": "Донат с ванилия | LIDL",
      "store": "Lidl",
      "price": 1.21,
      "old_price": null,
      "discount_pct": 0,
      "image_url": null,
      "off_barcode": null,
      "group_id": null,
      "match_type": null,
      "match_confidence": null,
      "quantity_g": null,
      "quantity_ml": null,
      "price_per_kg": null,
      "price_per_l": null
    },
    {
      "id": 3098,
      "name": "Донат с ванилов пълнеж | LIDL",
      "store": "Lidl",
      "price": 1.21,
      "old_price": null,
      "discount_pct": 0,
      "image_url": null,
      "off_barcode": null,
      "group_id": null,
      "match_type": null,
      "match_confidence": null,
      "quantity_g": null,
      "quantity_ml": null,
      "price_per_kg": null,
      "price_per_l": null
    },
    {
      "id": 3102,
      "name": "Донат с вкус на ванилия | LIDL",
      "store": "Lidl",
      "price": 1.17,
      "old_price": null,
      "discount_pct": 0,
      "image_url": null,
      "off_barcode": null,
      "group_id": null,
      "match_type": null,
      "match_confidence": null,
      "quantity_g": null,
      "quantity_ml": null,
      "price_per_kg": null,
      "price_per_l": null
    },
    {
      "id": 3073,
      "name": "Донат с глазура | LIDL",
      "store": "Lidl",
      "price": 1.17,
      "old_price": null,
      "discount_pct": 0,
      "image_url": null,
      "off_barcode": null,
      "group_id": null,
      "match_type": null,
      "match_confidence": null,
      "quantity_g": null,
      "quantity_ml": null,
      "price_per_kg": null,
      "price_per_l": null
    },
    {
      "id": 2982,
      "name": "Донат с карамел | LIDL",
      "store": "Lidl",
      "price": 1.17,
      "old_price": null,
      "discount_pct": 0,
      "image_url": null,
      "off_barcode": null,
      "group_id": null,
      "match_type": null,
      "match_confidence": null,
      "quantity_g": null,
      "quantity_ml": null,
      "price_per_kg": null,
      "price_per_l": null
    },
    {
      "id": 2791,
      "name": "Донат с лешници и бял шоколад | LIDL",
      "store": "Lidl",
      "price": 1.21,
      "old_price": null,
      "discount_pct": 0,
      "image_url": null,
      "off_barcode": null,
      "group_id": null,
      "match_type": null,
      "match_confidence": null,
      "quantity_g": null,
      "quantity_ml": null,
      "price_per_kg": null,
      "price_per_l": null
    },
    {
      "id": 2997,
      "name": "Донат с лешници и шоколад | LIDL",
      "store": "Lidl",
      "price": 1.21,
      "old_price": null,
      "discount_pct": 0,
      "image_url": null,
      "off_barcode": null,
      "group_id": null,
      "match_type": null,
      "match_confidence": null,
      "quantity_g": null,
      "quantity_ml": null,
      "price_per_kg": null,
      "price_per_l": null
    },
    {
      "id": 2568,
      "name": "Донат с шоколадов пълнеж | LIDL",
      "store": "Lidl",
      "price": 1.19,
      "old_price": null,
      "discount_pct": 0,
      "image_url": null,
      "off_barcode": null,
      "group_id": null,
      "match_type": null,
      "match_confidence": null,
      "quantity_g": null,
      "quantity_ml": null,
      "price_per_kg": null,
      "price_per_l": null
    },
    {
      "id": 4833,
      "name": "Донат с шоколадова глазура",
      "store": "Lidl",
      "price": 1.17,
      "old_price": null,
      "discount_pct": 0,
      "image_url": null,
      "off_barcode": null,
      "group_id": null,
      "match_type": null,
      "match_confidence": null,
      "quantity_g": null,
      "quantity_ml": null,
      "price_per_kg": null,
      "price_per_l": null
    },
    {
      "id": 2889,
      "name": "Донат с шоколадова глазура | LIDL",
      "store": "Lidl",
      "price": 1.19,
      "old_price": null,
      "discount_pct": 0,
      "image_url": null,
      "off_barcode": null,
      "group_id": null,
      "match_type": null,
      "match_confidence": null,
      "quantity_g": null,
      "quantity_ml": null,
      "price_per_kg": null,
      "price_per_l": null
    },
    {
      "id": 4865,
      "name": "Донат с ягодов пълнеж",
      "store": "Lidl",
      "price": 1.19,
      "old_price": null,
      "discount_pct": 0,
      "image_url": null,
      "off_barcode": null,
      "group_id": null,
      "match_type": null,
      "match_confidence": null,
      "quantity_g": null,
      "quantity_ml": null,
      "price_per_kg": null,
      "price_per_l": null
    },
    {
      "id": 2766,
      "name": "Донат с ягодов пълнеж | LIDL",
      "store": "Lidl",
      "price": 1.19,
      "old_price": null,
      "discount_pct": 0,
      "image_url": null,
      "off_barcode": null,
      "group_id": null,
      "match_type": null,
      "match_confidence": null,
      "quantity_g": null,
      "quantity_ml": null,
      "price_per_kg": null,
      "price_per_l": null
    },
    {
      "id": 1174,
      "name": "Донът Купидон с бели сърчица",
      "store": "Kaufland",
      "price": 0.45,
      "old_price": null,
      "discount_pct": 0,
      "image_url": null,
      "off_barcode": null,
      "group_id": null,
      "match_type": null,
      "match_confidence": null,
      "quantity_g": null,
      "quantity_ml": null,
      "price_per_kg": null,
      "price_per_l": null
    },
    {
      "id": 248,
      "name": "Донът Купидон с бели сърчица от нашата пекарна",
      "store": "Kaufland",
      "price": 0.88,
      "old_price": null,
      "discount_pct": 0,
      "image_url": null,
      "off_barcode": null,
      "group_id": null,
      "match_type": null,
      "match_confidence": null,
      "quantity_g": null,
      "quantity_ml": null,
      "price_per_kg": null,
      "price_per_l": null
    },
    {
      "id": 2840,
      "name": "Душ гел и шампоан 2 в 1 XXL | LIDL",
      "store": "Lidl",
      "price": 162.33,
      "old_price": null,
      "discount_pct": 0,
      "image_url": null,
      "off_barcode": null,
      "group_id": null,
      "match_type": null,
      "match_confidence": null,
      "quantity_g": null,
      "quantity_ml": null,
      "price_per_kg": null,
      "price_per_l": null
    },
    {
      "id": 2955,
      "name": "Дъгова пъстърва | LIDL",
      "store": "Lidl",
      "price": 131.04,
      "old_price": null,
      "discount_pct": 0,
      "image_url": null,
      "off_barcode": null,
      "group_id": null,
      "match_type": null,
      "match_confidence": null,
      "quantity_g": null,
      "quantity_ml": null,
      "price_per_kg": null,
      "price_per_l": null
    },
    {
      "id": 3299,
      "name": "ЕЛЕНА Сирене\nот овче или козе мляко",
      "store": "Kaufland",
      "price": 19.26,
      "old_price": null,
      "discount_pct": 0,
      "image_url": null,
      "off_barcode": null,
      "group_id": null,
      "match_type": null,
      "match_confidence": null,
      "quantity_g": null,
      "quantity_ml": null,
      "price_per_kg": null,
      "price_per_l": null
    },
    {
      "id": 5846,
      "name": "Екзотичен нектар",
      "store": "Lidl",
      "price": 1.68,
      "old_price": null,
      "discount_pct": 0,
      "image_url": null,
      "off_barcode": null,
      "group_id": null,
      "match_type": null,
      "match_confidence": null,
      "quantity_g": null,
      "quantity_ml": null,
      "price_per_kg": null,
      "price_per_l": null
    },
    {
      "id": 1453,
      "name": "Електрическа скара",
      "store": "Kaufland",
      "price": 17.89,
      "old_price": null,
      "discount_pct": 0,
      "image_url": null,
      "off_barcode": null,
      "group_id": null,
      "match_type": null,
      "match_confidence": null,
      "quantity_g": null,
      "quantity_ml": null,
      "price_per_kg": null,
      "price_per_l": null
    },
    {
      "id": 560,
      "name": "Елит Мес",
      "store": "Kaufland",
      "price": 2.55,
      "old_price": null,
      "discount_pct": 0,
      "image_url": null,
      "off_barcode": null,
      "group_id": null,
      "match_type": null,
      "match_confidence": null,
      "quantity_g": null,
      "quantity_ml": null,
      "price_per_kg": null,
      "price_per_l": null
    },
    {
      "id": 561,
      "name": "Елит Мес Кренвирши Царевец",
      "store": "Kaufland",
      "price": 4.99,
      "old_price": null,
      "discount_pct": 0,
      "image_url": null,
      "off_barcode": null,
      "group_id": null,
      "match_type": null,
      "match_confidence": null,
      "quantity_g": null,
      "quantity_ml": null,
      "price_per_kg": null,
      "price_per_l": null
    },
    {
      "id": 154,
      "name": "Елит мес Сушеница\nЧипровска",
      "store": "Kaufland",
      "price": 4.48,
      "old_price": null,
      "discount_pct": 0,
      "image_url": null,
      "off_barcode": null,
      "group_id": null,
      "match_type": null,
      "match_confidence": null,
      "quantity_g": null,
      "quantity_ml": null,
      "price_per_kg": null,
      "price_per_l": null
    },
    {
      "id": 2571,
      "name": "Емпанада с риба тон | LIDL",
      "store": "Lidl",
      "price": 119.3,
      "old_price": null,
      "discount_pct": 0,
      "image_url": null,
      "off_barcode": null,
      "group_id": null,
      "match_type": null,
      "match_confidence": null,
      "quantity_g": null,
      "quantity_ml": null,
      "price_per_kg": null,
      "price_per_l": null
    },
    {
      "id": 2793,
      "name": "Енсаимада | LIDL",
      "store": "Lidl",
      "price": 121.26,
      "old_price": null,
      "discount_pct": 0,
      "image_url": null,
      "off_barcode": null,
      "group_id": null,
      "match_type": null,
      "match_confidence": null,
      "quantity_g": null,
      "quantity_ml": null,
      "price_per_kg": null,
      "price_per_l": null
    },
    {
      "id": 5674,
      "name": "ЗОРА",
      "store": "Kaufland",
      "price": 4.08,
      "old_price": null,
      "discount_pct": 0,
      "image_url": null,
      "off_barcode": null,
      "group_id": null,
      "match_type": null,
      "match_confidence": null,
      "quantity_g": null,
      "quantity_ml": null,
      "price_per_kg": null,
      "price_per_l": null
    },
    {
      "id": 1284,
      "name": "Загорка",
      "store": "Kaufland",
      "price": 4.24,
      "old_price": null,
      "discount_pct": 0,
      "image_url": null,
      "off_barcode": null,
      "group_id": null,
      "match_type": null,
      "match_confidence": null,
      "quantity_g": null,
      "quantity_ml": null,
      "price_per_kg": null,
      "price_per_l": null
    },
    {
      "id": 366,
      "name": "Загорка Бира\n5% vol",
      "store": "Kaufland",
      "price": 8.29,
      "old_price": null,
      "discount_pct": 0,
      "image_url": null,
      "off_barcode": null,
      "group_id": null,
      "match_type": null,
      "match_confidence": null,
      "quantity_g": null,
      "quantity_ml": null,
      "price_per_kg": null,
      "price_per_l": null
    },
    {
      "id": 5712,
      "name": "Заквасена сметана XXL",
      "store": "Lidl",
      "price": 1.87,
      "old_price": null,
      "discount_pct": 0,
      "image_url": null,
      "off_barcode": null,
      "group_id": null,
      "match_type": null,
      "match_confidence": null,
      "quantity_g": null,
      "quantity_ml": null,
      "price_per_kg": null,
      "price_per_l": null
    },
    {
      "id": 4850,
      "name": "Закуска Пица",
      "store": "Lidl",
      "price": 119.3,
      "old_price": null,
      "discount_pct": 0,
      "image_url": null,
      "off_barcode": null,
      "group_id": null,
      "match_type": null,
      "match_confidence": null,
      "quantity_g": null,
      "quantity_ml": null,
      "price_per_kg": null,
      "price_per_l": null
    },
    {
      "id": 2898,
      "name": "Закуска Пица | LIDL",
      "store": "Lidl",
      "price": 117.35,
      "old_price": null,
      "discount_pct": 0,
      "image_url": null,
      "off_barcode": null,
      "group_id": null,
      "match_type": null,
      "match_confidence": null,
      "quantity_g": null,
      "quantity_ml": null,
      "price_per_kg": null,
      "price_per_l": null
    },
    {
      "id": 4765,
      "name": "Закуска с Гауда",
      "store": "Lidl",
      "price": 117.35,
      "old_price": null,
      "discount_pct": 0,
      "image_url": null,
      "off_barcode": null,
      "group_id": null,
      "match_type": null,
      "match_confidence": null,
      "quantity_g": null,
      "quantity_ml": null,
      "price_per_kg": null,
      "price_per_l": null
    },
    {
      "id": 2669,
      "name": "Закуска с Гауда | LIDL",
      "store": "Lidl",
      "price": 119.3,
      "old_price": null,
      "discount_pct": 0,
      "image_url": null,
      "off_barcode": null,
      "group_id": null,
      "match_type": null,
      "match_confidence": null,
      "quantity_g": null,
      "quantity_ml": null,
      "price_per_kg": null,
      "price_per_l": null
    },
    {
      "id": 222,
      "name": "Закуска с пушено сирене и шунка",
      "store": "Lidl",
      "price": 119.3,
      "old_price": null,
      "discount_pct": 0,
      "image_url": null,
      "off_barcode": null,
      "group_id": null,
      "match_type": null,
      "match_confidence": null,
      "quantity_g": null,
      "quantity_ml": null,
      "price_per_kg": null,
      "price_per_l": null
    },
    {
      "id": 3090,
      "name": "Закуска с ябълка и солен карамел | LIDL",
      "store": "Lidl",
      "price": 117.35,
      "old_price": null,
      "discount_pct": 0,
      "image_url": null,
      "off_barcode": null,
      "group_id": null,
      "match_type": null,
      "match_confidence": null,
      "quantity_g": null,
      "quantity_ml": null,
      "price_per_kg": null,
      "price_per_l": null
    },
    {
      "id": 3128,
      "name": "Закуска със сирене и шунка | LIDL",
      "store": "Lidl",
      "price": 119.3,
      "old_price": null,
      "discount_pct": 0,
      "image_url": null,
      "off_barcode": null,
      "group_id": null,
      "match_type": null,
      "match_confidence": null,
      "quantity_g": null,
      "quantity_ml": null,
      "price_per_kg": null,
      "price_per_l": null
    },
    {
      "id": 5936,
      "name": "Зелен боб",
      "store": "Lidl",
      "price": 2.8,
      "old_price": null,
      "discount_pct": 0,
      "image_url": null,
      "off_barcode": null,
      "group_id": null,
      "match_type": null,
      "match_confidence": null,
      "quantity_g": null,
      "quantity_ml": null,
      "price_per_kg": null,
      "price_per_l": null
    },
    {
      "id": 4781,
      "name": "Зеленчуков хляб",
      "store": "Lidl",
      "price": 1.17,
      "old_price": null,
      "discount_pct": 0,
      "image_url": null,
      "off_barcode": null,
      "group_id": null,
      "match_type": null,
      "match_confidence": null,
      "quantity_g": null,
      "quantity_ml": null,
      "price_per_kg": null,
      "price_per_l": null
    },
    {
      "id": 2838,
      "name": "Зеленчуков хляб | LIDL",
      "store": "Lidl",
      "price": 1.25,
      "old_price": null,
      "discount_pct": 0,
      "image_url": null,
      "off_barcode": null,
      "group_id": null,
      "match_type": null,
      "match_confidence": null,
      "quantity_g": null,
      "quantity_ml": null,
      "price_per_kg": null,
      "price_per_l": null
    },
    {
      "id": 5917,
      "name": "Зеленчуци за уок",
      "store": "Lidl",
      "price": 2.81,
      "old_price": null,
      "discount_pct": 0,
      "image_url": null,
      "off_barcode": null,
      "group_id": null,
      "match_type": null,
      "match_confidence": null,
      "quantity_g": null,
      "quantity_ml": null,
      "price_per_kg": null,
      "price_per_l": null
    },
    {
      "id": 1021,
      "name": "Зюмбюл Трио 12см",
      "store": "Kaufland",
      "price": 3.06,
      "old_price": null,
      "discount_pct": 0,
      "image_url": null,
      "off_barcode": null,
      "group_id": null,
      "match_type": null,
      "match_confidence": null,
      "quantity_g": null,
      "quantity_ml": null,
      "price_per_kg": null,
      "price_per_l": null
    },
    {
      "id": 5871,
      "name": "Йогурт за пиене Ласи",
      "store": "Lidl",
      "price": 0.99,
      "old_price": null,
      "discount_pct": 0,
      "image_url": null,
      "off_barcode": null,
      "group_id": null,
      "match_type": null,
      "match_confidence": null,
      "quantity_g": null,
      "quantity_ml": null,
      "price_per_kg": null,
      "price_per_l": null
    },
    {
      "id": 1325,
      "name": "К2r",
      "store": "Kaufland",
      "price": 3.57,
      "old_price": null,
      "discount_pct": 0,
      "image_url": null,
      "off_barcode": null,
      "group_id": null,
      "match_type": null,
      "match_confidence": null,
      "quantity_g": null,
      "quantity_ml": null,
      "price_per_kg": null,
      "price_per_l": null
    },
    {
      "id": 4432,
      "name": "К2r Цветоулавящи кърпички",
      "store": "Kaufland",
      "price": 6.98,
      "old_price": null,
      "discount_pct": 0,
      "image_url": null,
      "off_barcode": null,
      "group_id": null,
      "match_type": null,
      "match_confidence": null,
      "quantity_g": null,
      "quantity_ml": null,
      "price_per_kg": null,
      "price_per_l": null
    },
    {
      "id": 2753,
      "name": "Кайзер земел бял | LIDL",
      "store": "Lidl",
      "price": 1.17,
      "old_price": null,
      "discount_pct": 0,
      "image_url": null,
      "off_barcode": null,
      "group_id": null,
      "match_type": null,
      "match_confidence": null,
      "quantity_g": null,
      "quantity_ml": null,
      "price_per_kg": null,
      "price_per_l": null
    },
    {
      "id": 4772,
      "name": "Кайзер земел със сусам",
      "store": "Lidl",
      "price": 1.17,
      "old_price": null,
      "discount_pct": 0,
      "image_url": null,
      "off_barcode": null,
      "group_id": null,
      "match_type": null,
      "match_confidence": null,
      "quantity_g": null,
      "quantity_ml": null,
      "price_per_kg": null,
      "price_per_l": null
    },
    {
      "id": 2967,
      "name": "Кайзер земел със сусам | LIDL",
      "store": "Lidl",
      "price": 1.19,
      "old_price": null,
      "discount_pct": 0,
      "image_url": null,
      "off_barcode": null,
      "group_id": null,
      "match_type": null,
      "match_confidence": null,
      "quantity_g": null,
      "quantity_ml": null,
      "price_per_kg": null,
      "price_per_l": null
    },
    {
      "id": 5949,
      "name": "Каланхое",
      "store": "Lidl",
      "price": 3.57,
      "old_price": null,
      "discount_pct": 0,
      "image_url": null,
      "off_barcode": null,
      "group_id": null,
      "match_type": null,
      "match_confidence": null,
      "quantity_g": null,
      "quantity_ml": null,
      "price_per_kg": null,
      "price_per_l": null
    },
    {
      "id": 4254,
      "name": "Каланхое Ø12 см",
      "store": "Kaufland",
      "price": 6.49,
      "old_price": null,
      "discount_pct": 0,
      "image_url": null,
      "off_barcode": null,
      "group_id": null,
      "match_type": null,
      "match_confidence": null,
      "quantity_g": null,
      "quantity_ml": null,
      "price_per_kg": null,
      "price_per_l": null
    },
    {
      "id": 5931,
      "name": "Картофени крокети",
      "store": "Lidl",
      "price": 2.8,
      "old_price": null,
      "discount_pct": 0,
      "image_url": null,
      "off_barcode": null,
      "group_id": null,
      "match_type": null,
      "match_confidence": null,
      "quantity_g": null,
      "quantity_ml": null,
      "price_per_kg": null,
      "price_per_l": null
    },
    {
      "id": 5932,
      "name": "Картофени ноазети",
      "store": "Lidl",
      "price": 2.8,
      "old_price": null,
      "discount_pct": 0,
      "image_url": null,
      "off_barcode": null,
      "group_id": null,
      "match_type": null,
      "match_confidence": null,
      "quantity_g": null,
      "quantity_ml": null,
      "price_per_kg": null,
      "price_per_l": null
    },
    {
      "id": 5952,
      "name": "Каскадна орхидея",
      "store": "Lidl",
      "price": 11.99,
      "old_price": null,
      "discount_pct": 0,
      "image_url": null,
      "off_barcode": null,
      "group_id": null,
      "match_type": null,
      "match_confidence": null,
      "quantity_g": null,
      "quantity_ml": null,
      "price_per_kg": null,
      "price_per_l": null
    },
    {
      "id": 1019,
      "name": "Каскадна орхидея фаленопсис",
      "store": "Kaufland",
      "price": 12.77,
      "old_price": null,
      "discount_pct": 0,
      "image_url": null,
      "off_barcode": null,
      "group_id": null,
      "match_type": null,
      "match_confidence": null,
      "quantity_g": null,
      "quantity_ml": null,
      "price_per_kg": null,
      "price_per_l": null
    },
    {
      "id": 101,
      "name": "Каскадна орхидея фаленопсис Ø12 см",
      "store": "Kaufland",
      "price": 24.98,
      "old_price": null,
      "discount_pct": 0,
      "image_url": null,
      "off_barcode": null,
      "group_id": null,
      "match_type": null,
      "match_confidence": null,
      "quantity_g": null,
      "quantity_ml": null,
      "price_per_kg": null,
      "price_per_l": null
    },
    {
      "id": 5909,
      "name": "Кашкавалени джобове",
      "store": "Lidl",
      "price": 2.3,
      "old_price": null,
      "discount_pct": 0,
      "image_url": null,
      "off_barcode": null,
      "group_id": null,
      "match_type": null,
      "match_confidence": null,
      "quantity_g": null,
      "quantity_ml": null,
      "price_per_kg": null,
      "price_per_l": null
    },
    {
      "id": 2667,
      "name": "Кебапчета по сръбски | LIDL",
      "store": "Lidl",
      "price": 125.17,
      "old_price": null,
      "discount_pct": 0,
      "image_url": null,
      "off_barcode": null,
      "group_id": null,
      "match_type": null,
      "match_confidence": null,
      "quantity_g": null,
      "quantity_ml": null,
      "price_per_kg": null,
      "price_per_l": null
    },
    {
      "id": 3236,
      "name": "Кен Жарена флейка\nот свежата витрина",
      "store": "Kaufland",
      "price": 10.99,
      "old_price": null,
      "discount_pct": 0,
      "image_url": null,
      "off_barcode": null,
      "group_id": null,
      "match_type": null,
      "match_confidence": null,
      "quantity_g": null,
      "quantity_ml": null,
      "price_per_kg": null,
      "price_per_l": null
    },
    {
      "id": 3092,
      "name": "Кит Кат Донат | LIDL",
      "store": "Lidl",
      "price": 1.19,
      "old_price": null,
      "discount_pct": 0,
      "image_url": null,
      "off_barcode": null,
      "group_id": null,
      "match_type": null,
      "match_confidence": null,
      "quantity_g": null,
      "quantity_ml": null,
      "price_per_kg": null,
      "price_per_l": null
    },
    {
      "id": 2880,
      "name": "Кит Кат бисквита | LIDL",
      "store": "Lidl",
      "price": 1.19,
      "old_price": null,
      "discount_pct": 0,
      "image_url": null,
      "off_barcode": null,
      "group_id": null,
      "match_type": null,
      "match_confidence": null,
      "quantity_g": null,
      "quantity_ml": null,
      "price_per_kg": null,
      "price_per_l": null
    },
    {
      "id": 2665,
      "name": "Кифличка | LIDL",
      "store": "Lidl",
      "price": 119.3,
      "old_price": null,
      "discount_pct": 0,
      "image_url": null,
      "off_barcode": null,
      "group_id": null,
      "match_type": null,
      "match_confidence": null,
      "quantity_g": null,
      "quantity_ml": null,
      "price_per_kg": null,
      "price_per_l": null
    },
    {
      "id": 7,
      "name": "Кифлички с какаов крем",
      "store": "Lidl",
      "price": 117.35,
      "old_price": null,
      "discount_pct": 0,
      "image_url": null,
      "off_barcode": null,
      "group_id": null,
      "match_type": null,
      "match_confidence": null,
      "quantity_g": null,
      "quantity_ml": null,
      "price_per_kg": null,
      "price_per_l": null
    },
    {
      "id": 5841,
      "name": "Киш от многолистно тесто",
      "store": "Lidl",
      "price": 2.55,
      "old_price": null,
      "discount_pct": 0,
      "image_url": null,
      "off_barcode": null,
      "group_id": null,
      "match_type": null,
      "match_confidence": null,
      "quantity_g": null,
      "quantity_ml": null,
      "price_per_kg": null,
      "price_per_l": null
    },
    {
      "id": 2882,
      "name": "Клечки за уши с био памук | LIDL",
      "store": "Lidl",
      "price": 176.02,
      "old_price": null,
      "discount_pct": 0,
      "image_url": null,
      "off_barcode": null,
      "group_id": null,
      "match_type": null,
      "match_confidence": null,
      "quantity_g": null,
      "quantity_ml": null,
      "price_per_kg": null,
      "price_per_l": null
    },
    {
      "id": 4845,
      "name": "Козметични кърпички",
      "store": "Lidl",
      "price": 162.33,
      "old_price": null,
      "discount_pct": 0,
      "image_url": null,
      "off_barcode": null,
      "group_id": null,
      "match_type": null,
      "match_confidence": null,
      "quantity_g": null,
      "quantity_ml": null,
      "price_per_kg": null,
      "price_per_l": null
    },
    {
      "id": 6026,
      "name": "Козметично куфарче",
      "store": "Lidl",
      "price": 15.33,
      "old_price": null,
      "discount_pct": 0,
      "image_url": null,
      "off_barcode": null,
      "group_id": null,
      "match_type": null,
      "match_confidence": null,
      "quantity_g": null,
      "quantity_ml": null,
      "price_per_kg": null,
      "price_per_l": null
    },
    {
      "id": 3033,
      "name": "Козунак класик | LIDL",
      "store": "Lidl",
      "price": 1.17,
      "old_price": null,
      "discount_pct": 0,
      "image_url": null,
      "off_barcode": null,
      "group_id": null,
      "match_type": null,
      "match_confidence": null,
      "quantity_g": null,
      "quantity_ml": null,
      "price_per_kg": null,
      "price_per_l": null
    },
    {
      "id": 3066,
      "name": "Козунак с орехов пълнеж | LIDL",
      "store": "Lidl",
      "price": 1.17,
      "old_price": null,
      "discount_pct": 0,
      "image_url": null,
      "off_barcode": null,
      "group_id": null,
      "match_type": null,
      "match_confidence": null,
      "quantity_g": null,
      "quantity_ml": null,
      "price_per_kg": null,
      "price_per_l": null
    },
    {
      "id": 2605,
      "name": "Козунак със стафиди | LIDL",
      "store": "Lidl",
      "price": 1.17,
      "old_price": null,
      "discount_pct": 0,
      "image_url": null,
      "off_barcode": null,
      "group_id": null,
      "match_type": null,
      "match_confidence": null,
      "quantity_g": null,
      "quantity_ml": null,
      "price_per_kg": null,
      "price_per_l": null
    },
    {
      "id": 2863,
      "name": "Колбасица по сръбски | LIDL",
      "store": "Lidl",
      "price": 125.17,
      "old_price": null,
      "discount_pct": 0,
      "image_url": null,
      "off_barcode": null,
      "group_id": null,
      "match_type": null,
      "match_confidence": null,
      "quantity_g": null,
      "quantity_ml": null,
      "price_per_kg": null,
      "price_per_l": null
    },
    {
      "id": 4278,
      "name": "Комплект кутии 3 3 бр.",
      "store": "Kaufland",
      "price": 6.98,
      "old_price": null,
      "discount_pct": 0,
      "image_url": null,
      "off_barcode": null,
      "group_id": null,
      "match_type": null,
      "match_confidence": null,
      "quantity_g": null,
      "quantity_ml": null,
      "price_per_kg": null,
      "price_per_l": null
    },
    {
      "id": 5908,
      "name": "Конджак нудли",
      "store": "Lidl",
      "price": 1.53,
      "old_price": null,
      "discount_pct": 0,
      "image_url": null,
      "off_barcode": null,
      "group_id": null,
      "match_type": null,
      "match_confidence": null,
      "quantity_g": null,
      "quantity_ml": null,
      "price_per_kg": null,
      "price_per_l": null
    },
    {
      "id": 5915,
      "name": "Кори за пролетни рулца",
      "store": "Lidl",
      "price": 2.99,
      "old_price": null,
      "discount_pct": 0,
      "image_url": null,
      "off_barcode": null,
      "group_id": null,
      "match_type": null,
      "match_confidence": null,
      "quantity_g": null,
      "quantity_ml": null,
      "price_per_kg": null,
      "price_per_l": null
    },
    {
      "id": 2633,
      "name": "Котешка храна | LIDL",
      "store": "Lidl",
      "price": 187.76,
      "old_price": null,
      "discount_pct": 0,
      "image_url": null,
      "off_barcode": null,
      "group_id": null,
      "match_type": null,
      "match_confidence": null,
      "quantity_g": null,
      "quantity_ml": null,
      "price_per_kg": null,
      "price_per_l": null
    },
    {
      "id": 3813,
      "name": "Кош за пране 27 л",
      "store": "Kaufland",
      "price": 5.98,
      "old_price": null,
      "discount_pct": 0,
      "image_url": null,
      "off_barcode": null,
      "group_id": null,
      "match_type": null,
      "match_confidence": null,
      "quantity_g": null,
      "quantity_ml": 27000,
      "price_per_kg": null,
      "price_per_l": 0.22
    },
    {
      "id": 3124,
      "name": "Крем-сапун | LIDL",
      "store": "Lidl",
      "price": 177.98,
      "old_price": null,
      "discount_pct": 0,
      "image_url": null,
      "off_barcode": null,
      "group_id": null,
      "match_type": null,
      "match_confidence": null,
      "quantity_g": null,
      "quantity_ml": null,
      "price_per_kg": null,
      "price_per_l": null
    },
    {
      "id": 5709,
      "name": "Кренвирши „Стара планина“ XXL",
      "store": "Lidl",
      "price": 6.13,
      "old_price": null,
      "discount_pct": 0,
      "image_url": null,
      "off_barcode": null,
      "group_id": null,
      "match_type": null,
      "match_confidence": null,
      "quantity_g": null,
      "quantity_ml": null,
      "price_per_kg": null,
      "price_per_l": null
    },
    {
      "id": 5751,
      "name": "Кроасан",
      "store": "Lidl",
      "price": 0.49,
      "old_price": null,
      "discount_pct": 0,
      "image_url": null,
      "off_barcode": null,
      "group_id": "g_c74d97b0",
      "match_type": "name_similarity",
      "match_confidence": 1.0,
      "quantity_g": null,
      "quantity_ml": null,
      "price_per_kg": null,
      "price_per_l": null
    },
    {
      "id": 2954,
      "name": "Кроасан с 27% масло | LIDL",
      "store": "Lidl",
      "price": 1.25,
      "old_price": null,
      "discount_pct": 0,
      "image_url": null,
      "off_barcode": null,
      "group_id": null,
      "match_type": null,
      "match_confidence": null,
      "quantity_g": null,
      "quantity_ml": null,
      "price_per_kg": null,
      "price_per_l": null
    },
    {
      "id": 2642,
      "name": "Кроасан с ванилия | LIDL",
      "store": "Lidl",
      "price": 1.19,
      "old_price": null,
      "discount_pct": 0,
      "image_url": null,
      "off_barcode": null,
      "group_id": null,
      "match_type": null,
      "match_confidence": null,
      "quantity_g": null,
      "quantity_ml": null,
      "price_per_kg": null,
      "price_per_l": null
    },
    {
      "id": 2921,
      "name": "Кроасан с кайсиево сладко | LIDL",
      "store": "Lidl",
      "price": 1.21,
      "old_price": null,
      "discount_pct": 0,
      "image_url": null,
      "off_barcode": null,
      "group_id": null,
      "match_type": null,
      "match_confidence": null,
      "quantity_g": null,
      "quantity_ml": null,
      "price_per_kg": null,
      "price_per_l": null
    },
    {
      "id": 3144,
      "name": "Кроасан с кренвирш | LIDL",
      "store": "Lidl",
      "price": 1.19,
      "old_price": null,
      "discount_pct": 0,
      "image_url": null,
      "off_barcode": null,
      "group_id": null,
      "match_type": null,
      "match_confidence": null,
      "quantity_g": null,
      "quantity_ml": null,
      "price_per_kg": null,
      "price_per_l": null
    },
    {
      "id": 2583,
      "name": "Кроасан с масло | LIDL",
      "store": "Lidl",
      "price": 1.19,
      "old_price": null,
      "discount_pct": 0,
      "image_url": null,
      "off_barcode": null,
      "group_id": null,
      "match_type": null,
      "match_confidence": null,
      "quantity_g": null,
      "quantity_ml": null,
      "price_per_kg": null,
      "price_per_l": null
    },
    {
      "id": 2777,
      "name": "Кроасан с нуга крем | LIDL",
      "store": "Lidl",
      "price": 1.25,
      "old_price": null,
      "discount_pct": 0,
      "image_url": null,
      "off_barcode": null,
      "group_id": null,
      "match_type": null,
      "match_confidence": null,
      "quantity_g": null,
      "quantity_ml": null,
      "price_per_kg": null,
      "price_per_l": null
    },
    {
      "id": 2971,
      "name": "Кроасан с нуга пълнеж и лешникова паста | LIDL",
      "store": "Lidl",
      "price": 1.25,
      "old_price": null,
      "discount_pct": 0,
      "image_url": null,
      "off_barcode": null,
      "group_id": null,
      "match_type": null,
      "match_confidence": null,
      "quantity_g": null,
      "quantity_ml": null,
      "price_per_kg": null,
      "price_per_l": null
    },
    {
      "id": 3095,
      "name": "Кроасан с нуга пълнеж и лешникова поръска | LIDL",
      "store": "Lidl",
      "price": 1.19,
      "old_price": null,
      "discount_pct": 0,
      "image_url": null,
      "off_barcode": null,
      "group_id": null,
      "match_type": null,
      "match_confidence": null,
      "quantity_g": null,
      "quantity_ml": null,
      "price_per_kg": null,
      "price_per_l": null
    },
    {
      "id": 2600,
      "name": "Кроасан с пуешки кренвирш | LIDL",
      "store": "Lidl",
      "price": 1.17,
      "old_price": null,
      "discount_pct": 0,
      "image_url": null,
      "off_barcode": null,
      "group_id": null,
      "match_type": null,
      "match_confidence": null,
      "quantity_g": null,
      "quantity_ml": null,
      "price_per_kg": null,
      "price_per_l": null
    },
    {
      "id": 3035,
      "name": "Кроасан с шунка и кашкавал | LIDL",
      "store": "Lidl",
      "price": 1.19,
      "old_price": null,
      "discount_pct": 0,
      "image_url": null,
      "off_barcode": null,
      "group_id": "g_70efdf2e",
      "match_type": "name_similarity",
      "match_confidence": 0.9,
      "quantity_g": null,
      "quantity_ml": null,
      "price_per_kg": null,
      "price_per_l": null
    },
    {
      "id": 2914,
      "name": "Кроасан шунка и кашкавал | LIDL",
      "store": "Lidl",
      "price": 1.25,
      "old_price": null,
      "discount_pct": 0,
      "image_url": null,
      "off_barcode": null,
      "group_id": null,
      "match_type": null,
      "match_confidence": null,
      "quantity_g": null,
      "quantity_ml": null,
      "price_per_kg": null,
      "price_per_l": null
    },
    {
      "id": 4275,
      "name": "Кутия 0,4 л",
      "store": "Kaufland",
      "price": 2.48,
      "old_price": null,
      "discount_pct": 0,
      "image_url": null,
      "off_barcode": null,
      "group_id": null,
      "match_type": null,
      "match_confidence": null,
      "quantity_g": null,
      "quantity_ml": 400,
      "price_per_kg": null,
      "price_per_l": 6.2
    },
    {
      "id": 4273,
      "name": "Кутия 1,4 л",
      "store": "Kaufland",
      "price": 3.99,
      "old_price": null,
      "discount_pct": 0,
      "image_url": null,
      "off_barcode": null,
      "group_id": null,
      "match_type": null,
      "match_confidence": null,
      "quantity_g": null,
      "quantity_ml": 1400,
      "price_per_kg": null,
      "price_per_l": 2.85
    },
    {
      "id": 4274,
      "name": "Кутия 1,8 л",
      "store": "Kaufland",
      "price": 4.99,
      "old_price": null,
      "discount_pct": 0,
      "image_url": null,
      "off_barcode": null,
      "group_id": null,
      "match_type": null,
      "match_confidence": null,
      "quantity_g": null,
      "quantity_ml": 1800,
      "price_per_kg": null,
      "price_per_l": 2.77
    },
    {
      "id": 4277,
      "name": "Кутия за фолио 0,6 л",
      "store": "Kaufland",
      "price": 1.99,
      "old_price": null,
      "discount_pct": 0,
      "image_url": null,
      "off_barcode": null,
      "group_id": null,
      "match_type": null,
      "match_confidence": null,
      "quantity_g": null,
      "quantity_ml": 600,
      "price_per_kg": null,
      "price_per_l": 3.32
    },
    {
      "id": 3822,
      "name": "Кутия с капак 18 л",
      "store": "Kaufland",
      "price": 5.98,
      "old_price": null,
      "discount_pct": 0,
      "image_url": null,
      "off_barcode": null,
      "group_id": null,
      "match_type": null,
      "match_confidence": null,
      "quantity_g": null,
      "quantity_ml": 18000,
      "price_per_kg": null,
      "price_per_l": 0.33
    },
    {
      "id": 3821,
      "name": "Кутия с капак 58 л",
      "store": "Kaufland",
      "price": 11.99,
      "old_price": null,
      "discount_pct": 0,
      "image_url": null,
      "off_barcode": null,
      "group_id": null,
      "match_type": null,
      "match_confidence": null,
      "quantity_g": null,
      "quantity_ml": 58000,
      "price_per_kg": null,
      "price_per_l": 0.21
    },
    {
      "id": 3008,
      "name": "Кюфтета от биволско месо | LIDL",
      "store": "Lidl",
      "price": 125.17,
      "old_price": null,
      "discount_pct": 0,
      "image_url": null,
      "off_barcode": null,
      "group_id": null,
      "match_type": null,
      "match_confidence": null,
      "quantity_g": null,
      "quantity_ml": null,
      "price_per_kg": null,
      "price_per_l": null
    },
    {
      "id": 2801,
      "name": "Лаврак | LIDL",
      "store": "Lidl",
      "price": 138.86,
      "old_price": null,
      "discount_pct": 0,
      "image_url": null,
      "off_barcode": null,
      "group_id": null,
      "match_type": null,
      "match_confidence": null,
      "quantity_g": null,
      "quantity_ml": null,
      "price_per_kg": null,
      "price_per_l": null
    },
    {
      "id": 2820,
      "name": "Лакомства за котка | LIDL",
      "store": "Lidl",
      "price": 164.29,
      "old_price": null,
      "discount_pct": 0,
      "image_url": null,
      "off_barcode": null,
      "group_id": null,
      "match_type": null,
      "match_confidence": null,
      "quantity_g": null,
      "quantity_ml": null,
      "price_per_kg": null,
      "price_per_l": null
    },
    {
      "id": 2903,
      "name": "Лакочистител | LIDL",
      "store": "Lidl",
      "price": 176.02,
      "old_price": null,
      "discount_pct": 0,
      "image_url": null,
      "off_barcode": null,
      "group_id": null,
      "match_type": null,
      "match_confidence": null,
      "quantity_g": null,
      "quantity_ml": null,
      "price_per_kg": null,
      "price_per_l": null
    },
    {
      "id": 4253,
      "name": "Лалета Ø12 см",
      "store": "Kaufland",
      "price": 9.99,
      "old_price": null,
      "discount_pct": 0,
      "image_url": null,
      "off_barcode": null,
      "group_id": null,
      "match_type": null,
      "match_confidence": null,
      "quantity_g": null,
      "quantity_ml": null,
      "price_per_kg": null,
      "price_per_l": null
    },
    {
      "id": 5963,
      "name": "Лалета микс",
      "store": "Lidl",
      "price": 3.35,
      "old_price": null,
      "discount_pct": 0,
      "image_url": null,
      "off_barcode": null,
      "group_id": null,
      "match_type": null,
      "match_confidence": null,
      "quantity_g": null,
      "quantity_ml": null,
      "price_per_kg": null,
      "price_per_l": null
    },
    {
      "id": 5927,
      "name": "Лахмаджун или дюнер",
      "store": "Lidl",
      "price": 3.06,
      "old_price": null,
      "discount_pct": 0,
      "image_url": null,
      "off_barcode": null,
      "group_id": null,
      "match_type": null,
      "match_confidence": null,
      "quantity_g": null,
      "quantity_ml": null,
      "price_per_kg": null,
      "price_per_l": null
    },
    {
      "id": 1018,
      "name": "Лилиум",
      "store": "Kaufland",
      "price": 5.11,
      "old_price": null,
      "discount_pct": 0,
      "image_url": null,
      "off_barcode": null,
      "group_id": null,
      "match_type": null,
      "match_confidence": null,
      "quantity_g": null,
      "quantity_ml": null,
      "price_per_kg": null,
      "price_per_l": null
    },
    {
      "id": 2585,
      "name": "Лосион за премахване на очен грим | LIDL",
      "store": "Lidl",
      "price": 177.98,
      "old_price": null,
      "discount_pct": 0,
      "image_url": null,
      "off_barcode": null,
      "group_id": null,
      "match_type": null,
      "match_confidence": null,
      "quantity_g": null,
      "quantity_ml": null,
      "price_per_kg": null,
      "price_per_l": null
    },
    {
      "id": 5953,
      "name": "Луковици",
      "store": "Lidl",
      "price": 3.57,
      "old_price": null,
      "discount_pct": 0,
      "image_url": null,
      "off_barcode": null,
      "group_id": null,
      "match_type": null,
      "match_confidence": null,
      "quantity_g": null,
      "quantity_ml": null,
      "price_per_kg": null,
      "price_per_l": null
    },
    {
      "id": 5722,
      "name": "Лютеница XXL",
      "store": "Lidl",
      "price": 4.6,
      "old_price": null,
      "discount_pct": 0,
      "image_url": null,
      "off_barcode": null,
      "group_id": null,
      "match_type": null,
      "match_confidence": null,
      "quantity_g": null,
      "quantity_ml": null,
      "price_per_kg": null,
      "price_per_l": null
    },
    {
      "id": 5759,
      "name": "Мадлен",
      "store": "Lidl",
      "price": 0.5,
      "old_price": null,
      "discount_pct": 0,
      "image_url": null,
      "off_barcode": null,
      "group_id": null,
      "match_type": null,
      "match_confidence": null,
      "quantity_g": null,
      "quantity_ml": null,
      "price_per_kg": null,
      "price_per_l": null
    },
    {
      "id": 5719,
      "name": "Майонеза XXL",
      "store": "Lidl",
      "price": 0.84,
      "old_price": null,
      "discount_pct": 0,
      "image_url": null,
      "off_barcode": null,
      "group_id": null,
      "match_type": null,
      "match_confidence": null,
      "quantity_g": null,
      "quantity_ml": null,
      "price_per_kg": null,
      "price_per_l": null
    },
    {
      "id": 5875,
      "name": "Макарони асорти",
      "store": "Lidl",
      "price": 3.06,
      "old_price": null,
      "discount_pct": 0,
      "image_url": null,
      "off_barcode": null,
      "group_id": null,
      "match_type": null,
      "match_confidence": null,
      "quantity_g": null,
      "quantity_ml": null,
      "price_per_kg": null,
      "price_per_l": null
    },
    {
      "id": 5912,
      "name": "Мариновани пилешки филенца",
      "store": "Lidl",
      "price": 4.6,
      "old_price": null,
      "discount_pct": 0,
      "image_url": null,
      "off_barcode": null,
      "group_id": null,
      "match_type": null,
      "match_confidence": null,
      "quantity_g": null,
      "quantity_ml": null,
      "price_per_kg": null,
      "price_per_l": null
    },
    {
      "id": 5756,
      "name": "Маслени вафли",
      "store": "Lidl",
      "price": 2.19,
      "old_price": null,
      "discount_pct": 0,
      "image_url": null,
      "off_barcode": null,
      "group_id": null,
      "match_type": null,
      "match_confidence": null,
      "quantity_g": null,
      "quantity_ml": null,
      "price_per_kg": null,
      "price_per_l": null
    },
    {
      "id": 3253,
      "name": "Мегдана Кайма\nразлични видове",
      "store": "Kaufland",
      "price": 0.98,
      "old_price": null,
      "discount_pct": 0,
      "image_url": null,
      "off_barcode": null,
      "group_id": null,
      "match_type": null,
      "match_confidence": null,
      "quantity_g": null,
      "quantity_ml": null,
      "price_per_kg": null,
      "price_per_l": null
    },
    {
      "id": 148,
      "name": "Мегдана Наденица\nот свежата витрина",
      "store": "Kaufland",
      "price": 5.98,
      "old_price": null,
      "discount_pct": 0,
      "image_url": null,
      "off_barcode": null,
      "group_id": null,
      "match_type": null,
      "match_confidence": null,
      "quantity_g": null,
      "quantity_ml": null,
      "price_per_kg": null,
      "price_per_l": null
    },
    {
      "id": 5803,
      "name": "Меко френско сирене",
      "store": "Lidl",
      "price": 2.29,
      "old_price": null,
      "discount_pct": 0,
      "image_url": null,
      "off_barcode": null,
      "group_id": null,
      "match_type": null,
      "match_confidence": null,
      "quantity_g": null,
      "quantity_ml": null,
      "price_per_kg": null,
      "price_per_l": null
    },
    {
      "id": 2659,
      "name": "Месни пръчици за котка | LIDL",
      "store": "Lidl",
      "price": 187.76,
      "old_price": null,
      "discount_pct": 0,
      "image_url": null,
      "off_barcode": null,
      "group_id": null,
      "match_type": null,
      "match_confidence": null,
      "quantity_g": null,
      "quantity_ml": null,
      "price_per_kg": null,
      "price_per_l": null
    },
    {
      "id": 2712,
      "name": "Месни пръчици за кучета | LIDL",
      "store": "Lidl",
      "price": 187.76,
      "old_price": null,
      "discount_pct": 0,
      "image_url": null,
      "off_barcode": null,
      "group_id": null,
      "match_type": null,
      "match_confidence": null,
      "quantity_g": null,
      "quantity_ml": null,
      "price_per_kg": null,
      "price_per_l": null
    },
    {
      "id": 2786,
      "name": "Милинка със сирене | LIDL",
      "store": "Lidl",
      "price": 119.3,
      "old_price": null,
      "discount_pct": 0,
      "image_url": null,
      "off_barcode": null,
      "group_id": null,
      "match_type": null,
      "match_confidence": null,
      "quantity_g": null,
      "quantity_ml": null,
      "price_per_kg": null,
      "price_per_l": null
    },
    {
      "id": 2856,
      "name": "Милка донат | LIDL",
      "store": "Lidl",
      "price": 1.17,
      "old_price": null,
      "discount_pct": 0,
      "image_url": null,
      "off_barcode": null,
      "group_id": null,
      "match_type": null,
      "match_confidence": null,
      "quantity_g": null,
      "quantity_ml": null,
      "price_per_kg": null,
      "price_per_l": null
    },
    {
      "id": 1482,
      "name": "Минзухар",
      "store": "Kaufland",
      "price": 1.53,
      "old_price": null,
      "discount_pct": 0,
      "image_url": null,
      "off_barcode": null,
      "group_id": null,
      "match_type": null,
      "match_confidence": null,
      "quantity_g": null,
      "quantity_ml": null,
      "price_per_kg": null,
      "price_per_l": null
    },
    {
      "id": 2562,
      "name": "Мини багета Рустик | LIDL",
      "store": "Lidl",
      "price": 123.22,
      "old_price": null,
      "discount_pct": 0,
      "image_url": null,
      "off_barcode": null,
      "group_id": null,
      "match_type": null,
      "match_confidence": null,
      "quantity_g": null,
      "quantity_ml": null,
      "price_per_kg": null,
      "price_per_l": null
    },
    {
      "id": 3101,
      "name": "Мини багета по френска рецепта | LIDL",
      "store": "Lidl",
      "price": 117.35,
      "old_price": null,
      "discount_pct": 0,
      "image_url": null,
      "off_barcode": null,
      "group_id": null,
      "match_type": null,
      "match_confidence": null,
      "quantity_g": null,
      "quantity_ml": null,
      "price_per_kg": null,
      "price_per_l": null
    },
    {
      "id": 2802,
      "name": "Мини козуначе | LIDL",
      "store": "Lidl",
      "price": 117.35,
      "old_price": null,
      "discount_pct": 0,
      "image_url": null,
      "off_barcode": null,
      "group_id": null,
      "match_type": null,
      "match_confidence": null,
      "quantity_g": null,
      "quantity_ml": null,
      "price_per_kg": null,
      "price_per_l": null
    },
    {
      "id": 2978,
      "name": "Мини кроасан с масло | LIDL",
      "store": "Lidl",
      "price": 1.19,
      "old_price": null,
      "discount_pct": 0,
      "image_url": null,
      "off_barcode": null,
      "group_id": null,
      "match_type": null,
      "match_confidence": null,
      "quantity_g": null,
      "quantity_ml": null,
      "price_per_kg": null,
      "price_per_l": null
    },
    {
      "id": 2994,
      "name": "Мини кроасани с масло | LIDL",
      "store": "Lidl",
      "price": 1.19,
      "old_price": null,
      "discount_pct": 0,
      "image_url": null,
      "off_barcode": null,
      "group_id": null,
      "match_type": null,
      "match_confidence": null,
      "quantity_g": null,
      "quantity_ml": null,
      "price_per_kg": null,
      "price_per_l": null
    },
    {
      "id": 5934,
      "name": "Мини огретени",
      "store": "Lidl",
      "price": 3.32,
      "old_price": null,
      "discount_pct": 0,
      "image_url": null,
      "off_barcode": null,
      "group_id": null,
      "match_type": null,
      "match_confidence": null,
      "quantity_g": null,
      "quantity_ml": null,
      "price_per_kg": null,
      "price_per_l": null
    },
    {
      "id": 5763,
      "name": "Мини поничка",
      "store": "Lidl",
      "price": 0.25,
      "old_price": null,
      "discount_pct": 0,
      "image_url": null,
      "off_barcode": null,
      "group_id": null,
      "match_type": null,
      "match_confidence": null,
      "quantity_g": null,
      "quantity_ml": null,
      "price_per_kg": null,
      "price_per_l": null
    },
    {
      "id": 3032,
      "name": "Мини поничка с шоколадов пълнеж | LIDL",
      "store": "Lidl",
      "price": 1.19,
      "old_price": null,
      "discount_pct": 0,
      "image_url": null,
      "off_barcode": null,
      "group_id": null,
      "match_type": null,
      "match_confidence": null,
      "quantity_g": null,
      "quantity_ml": null,
      "price_per_kg": null,
      "price_per_l": null
    },
    {
      "id": 4756,
      "name": "Мини пърленка",
      "store": "Lidl",
      "price": 117.35,
      "old_price": null,
      "discount_pct": 0,
      "image_url": null,
      "off_barcode": null,
      "group_id": null,
      "match_type": null,
      "match_confidence": null,
      "quantity_g": null,
      "quantity_ml": null,
      "price_per_kg": null,
      "price_per_l": null
    },
    {
      "id": 2807,
      "name": "Мини пърленка | LIDL",
      "store": "Lidl",
      "price": 119.3,
      "old_price": null,
      "discount_pct": 0,
      "image_url": null,
      "off_barcode": null,
      "group_id": null,
      "match_type": null,
      "match_confidence": null,
      "quantity_g": null,
      "quantity_ml": null,
      "price_per_kg": null,
      "price_per_l": null
    },
    {
      "id": 5950,
      "name": "Мини цъфтящо растение",
      "store": "Lidl",
      "price": 3.49,
      "old_price": null,
      "discount_pct": 0,
      "image_url": null,
      "off_barcode": null,
      "group_id": null,
      "match_type": null,
      "match_confidence": null,
      "quantity_g": null,
      "quantity_ml": null,
      "price_per_kg": null,
      "price_per_l": null
    },
    {
      "id": 4248,
      "name": "Миниеуфорбия Стайно растение",
      "store": "Kaufland",
      "price": 4.99,
      "old_price": null,
      "discount_pct": 0,
      "image_url": null,
      "off_barcode": null,
      "group_id": null,
      "match_type": null,
      "match_confidence": null,
      "quantity_g": null,
      "quantity_ml": null,
      "price_per_kg": null,
      "price_per_l": null
    },
    {
      "id": 1483,
      "name": "Миникаланхое в керамика",
      "store": "Kaufland",
      "price": 2.29,
      "old_price": null,
      "discount_pct": 0,
      "image_url": null,
      "off_barcode": null,
      "group_id": null,
      "match_type": null,
      "match_confidence": null,
      "quantity_g": null,
      "quantity_ml": null,
      "price_per_kg": null,
      "price_per_l": null
    },
    {
      "id": 4251,
      "name": "Миникаланхое различни видове",
      "store": "Kaufland",
      "price": 3.29,
      "old_price": null,
      "discount_pct": 0,
      "image_url": null,
      "off_barcode": null,
      "group_id": null,
      "match_type": null,
      "match_confidence": null,
      "quantity_g": null,
      "quantity_ml": null,
      "price_per_kg": null,
      "price_per_l": null
    },
    {
      "id": 4250,
      "name": "Миникампанула",
      "store": "Kaufland",
      "price": 4.99,
      "old_price": null,
      "discount_pct": 0,
      "image_url": null,
      "off_barcode": null,
      "group_id": null,
      "match_type": null,
      "match_confidence": null,
      "quantity_g": null,
      "quantity_ml": null,
      "price_per_kg": null,
      "price_per_l": null
    },
    {
      "id": 1484,
      "name": "Миниорхидея",
      "store": "Kaufland",
      "price": 7.15,
      "old_price": null,
      "discount_pct": 0,
      "image_url": null,
      "off_barcode": null,
      "group_id": null,
      "match_type": null,
      "match_confidence": null,
      "quantity_g": null,
      "quantity_ml": null,
      "price_per_kg": null,
      "price_per_l": null
    },
    {
      "id": 566,
      "name": "Миниорхидея в керамика",
      "store": "Kaufland",
      "price": 13.98,
      "old_price": null,
      "discount_pct": 0,
      "image_url": null,
      "off_barcode": null,
      "group_id": null,
      "match_type": null,
      "match_confidence": null,
      "quantity_g": null,
      "quantity_ml": null,
      "price_per_kg": null,
      "price_per_l": null
    },
    {
      "id": 4848,
      "name": "Минифранзела със семена",
      "store": "Lidl",
      "price": 1.19,
      "old_price": null,
      "discount_pct": 0,
      "image_url": null,
      "off_barcode": null,
      "group_id": null,
      "match_type": null,
      "match_confidence": null,
      "quantity_g": null,
      "quantity_ml": null,
      "price_per_kg": null,
      "price_per_l": null
    },
    {
      "id": 2935,
      "name": "Минифранзела със семена | LIDL",
      "store": "Lidl",
      "price": 1.21,
      "old_price": null,
      "discount_pct": 0,
      "image_url": null,
      "off_barcode": null,
      "group_id": null,
      "match_type": null,
      "match_confidence": null,
      "quantity_g": null,
      "quantity_ml": null,
      "price_per_kg": null,
      "price_per_l": null
    },
    {
      "id": 3269,
      "name": "Мити Хамбургски салам",
      "store": "Kaufland",
      "price": 4.99,
      "old_price": null,
      "discount_pct": 0,
      "image_url": null,
      "off_barcode": null,
      "group_id": null,
      "match_type": null,
      "match_confidence": null,
      "quantity_g": null,
      "quantity_ml": null,
      "price_per_kg": null,
      "price_per_l": null
    },
    {
      "id": 2785,
      "name": "Мицеларна вода за лице | LIDL",
      "store": "Lidl",
      "price": 146.69,
      "old_price": null,
      "discount_pct": 0,
      "image_url": null,
      "off_barcode": null,
      "group_id": null,
      "match_type": null,
      "match_confidence": null,
      "quantity_g": null,
      "quantity_ml": null,
      "price_per_kg": null,
      "price_per_l": null
    },
    {
      "id": 5807,
      "name": "Млечен десерт",
      "store": "Lidl",
      "price": 2.99,
      "old_price": null,
      "discount_pct": 0,
      "image_url": null,
      "off_barcode": null,
      "group_id": null,
      "match_type": null,
      "match_confidence": null,
      "quantity_g": null,
      "quantity_ml": null,
      "price_per_kg": null,
      "price_per_l": null
    },
    {
      "id": 3149,
      "name": "Многозърнест кроасан | LIDL",
      "store": "Lidl",
      "price": 1.19,
      "old_price": null,
      "discount_pct": 0,
      "image_url": null,
      "off_barcode": null,
      "group_id": null,
      "match_type": null,
      "match_confidence": null,
      "quantity_g": null,
      "quantity_ml": null,
      "price_per_kg": null,
      "price_per_l": null
    },
    {
      "id": 2764,
      "name": "Многозърнест хляб | LIDL",
      "store": "Lidl",
      "price": 1.17,
      "old_price": null,
      "discount_pct": 0,
      "image_url": null,
      "off_barcode": null,
      "group_id": null,
      "match_type": null,
      "match_confidence": null,
      "quantity_g": null,
      "quantity_ml": null,
      "price_per_kg": null,
      "price_per_l": null
    },
    {
      "id": 3243,
      "name": "Морените Шпек Бургас",
      "store": "Kaufland",
      "price": 7.98,
      "old_price": null,
      "discount_pct": 0,
      "image_url": null,
      "off_barcode": null,
      "group_id": null,
      "match_type": null,
      "match_confidence": null,
      "quantity_g": null,
      "quantity_ml": null,
      "price_per_kg": null,
      "price_per_l": null
    },
    {
      "id": 5870,
      "name": "Мус от манго",
      "store": "Lidl",
      "price": 2.3,
      "old_price": null,
      "discount_pct": 0,
      "image_url": null,
      "off_barcode": null,
      "group_id": null,
      "match_type": null,
      "match_confidence": null,
      "quantity_g": null,
      "quantity_ml": null,
      "price_per_kg": null,
      "price_per_l": null
    },
    {
      "id": 3041,
      "name": "Мъжки самобръсначки с 2 ножчета | LIDL",
      "store": "Lidl",
      "price": 146.69,
      "old_price": null,
      "discount_pct": 0,
      "image_url": null,
      "off_barcode": null,
      "group_id": null,
      "match_type": null,
      "match_confidence": null,
      "quantity_g": null,
      "quantity_ml": null,
      "price_per_kg": null,
      "price_per_l": null
    },
    {
      "id": 2937,
      "name": "Мъфин | LIDL",
      "store": "Lidl",
      "price": 1.19,
      "old_price": null,
      "discount_pct": 0,
      "image_url": null,
      "off_barcode": null,
      "group_id": null,
      "match_type": null,
      "match_confidence": null,
      "quantity_g": null,
      "quantity_ml": null,
      "price_per_kg": null,
      "price_per_l": null
    },
    {
      "id": 5779,
      "name": "Наденица със сладка царевица",
      "store": "Lidl",
      "price": 3.57,
      "old_price": null,
      "discount_pct": 0,
      "image_url": null,
      "off_barcode": null,
      "group_id": null,
      "match_type": null,
      "match_confidence": null,
      "quantity_g": null,
      "quantity_ml": null,
      "price_per_kg": null,
      "price_per_l": null
    },
    {
      "id": 3088,
      "name": "Наложена баница с тиква | LIDL",
      "store": "Lidl",
      "price": 117.35,
      "old_price": null,
      "discount_pct": 0,
      "image_url": null,
      "off_barcode": null,
      "group_id": null,
      "match_type": null,
      "match_confidence": null,
      "quantity_g": null,
      "quantity_ml": null,
      "price_per_kg": null,
      "price_per_l": null
    },
    {
      "id": 5854,
      "name": "Нектар Манго",
      "store": "Lidl",
      "price": 1.27,
      "old_price": null,
      "discount_pct": 0,
      "image_url": null,
      "off_barcode": null,
      "group_id": null,
      "match_type": null,
      "match_confidence": null,
      "quantity_g": null,
      "quantity_ml": null,
      "price_per_kg": null,
      "price_per_l": null
    },
    {
      "id": 6031,
      "name": "Ножица за подстригване или бръснач",
      "store": "Lidl",
      "price": 3.57,
      "old_price": null,
      "discount_pct": 0,
      "image_url": null,
      "off_barcode": null,
      "group_id": null,
      "match_type": null,
      "match_confidence": null,
      "quantity_g": null,
      "quantity_ml": null,
      "price_per_kg": null,
      "price_per_l": null
    },
    {
      "id": 5893,
      "name": "Нудли",
      "store": "Lidl",
      "price": 1.99,
      "old_price": null,
      "discount_pct": 0,
      "image_url": null,
      "off_barcode": null,
      "group_id": null,
      "match_type": null,
      "match_confidence": null,
      "quantity_g": null,
      "quantity_ml": null,
      "price_per_kg": null,
      "price_per_l": null
    },
    {
      "id": 5676,
      "name": "ОТ МРЪВКА",
      "store": "Kaufland",
      "price": 5.62,
      "old_price": null,
      "discount_pct": 0,
      "image_url": null,
      "off_barcode": null,
      "group_id": null,
      "match_type": null,
      "match_confidence": null,
      "quantity_g": null,
      "quantity_ml": null,
      "price_per_kg": null,
      "price_per_l": null
    },
    {
      "id": 563,
      "name": "ОТ МРЪВКА Свинско филе\nопаковка около 700 г",
      "store": "Kaufland",
      "price": 10.99,
      "old_price": null,
      "discount_pct": 0,
      "image_url": null,
      "off_barcode": null,
      "group_id": null,
      "match_type": null,
      "match_confidence": null,
      "quantity_g": 700,
      "quantity_ml": null,
      "price_per_kg": 15.7,
      "price_per_l": null
    },
    {
      "id": 2981,
      "name": "Овлажняващ крем за тяло | LIDL",
      "store": "Lidl",
      "price": 176.02,
      "old_price": null,
      "discount_pct": 0,
      "image_url": null,
      "off_barcode": null,
      "group_id": null,
      "match_type": null,
      "match_confidence": null,
      "quantity_g": null,
      "quantity_ml": null,
      "price_per_kg": null,
      "price_per_l": null
    },
    {
      "id": 3118,
      "name": "Орео донат | LIDL",
      "store": "Lidl",
      "price": 1.19,
      "old_price": null,
      "discount_pct": 0,
      "image_url": null,
      "off_barcode": null,
      "group_id": null,
      "match_type": null,
      "match_confidence": null,
      "quantity_g": null,
      "quantity_ml": null,
      "price_per_kg": null,
      "price_per_l": null
    },
    {
      "id": 2876,
      "name": "Оригинална френска багета | LIDL",
      "store": "Lidl",
      "price": 125.17,
      "old_price": null,
      "discount_pct": 0,
      "image_url": null,
      "off_barcode": null,
      "group_id": null,
      "match_type": null,
      "match_confidence": null,
      "quantity_g": null,
      "quantity_ml": null,
      "price_per_kg": null,
      "price_per_l": null
    },
    {
      "id": 5894,
      "name": "Ориз Басмати",
      "store": "Lidl",
      "price": 6.13,
      "old_price": null,
      "discount_pct": 0,
      "image_url": null,
      "off_barcode": null,
      "group_id": null,
      "match_type": null,
      "match_confidence": null,
      "quantity_g": null,
      "quantity_ml": null,
      "price_per_kg": null,
      "price_per_l": null
    },
    {
      "id": 5896,
      "name": "Оризови нудли",
      "store": "Lidl",
      "price": 1.38,
      "old_price": null,
      "discount_pct": 0,
      "image_url": null,
      "off_barcode": null,
      "group_id": null,
      "match_type": null,
      "match_confidence": null,
      "quantity_g": null,
      "quantity_ml": null,
      "price_per_kg": null,
      "price_per_l": null
    },
    {
      "id": 1486,
      "name": "Орхидея Фаленопсис",
      "store": "Kaufland",
      "price": 8.17,
      "old_price": null,
      "discount_pct": 0,
      "image_url": null,
      "off_barcode": null,
      "group_id": "g_6f4922f4",
      "match_type": "name_similarity",
      "match_confidence": 1.0,
      "quantity_g": null,
      "quantity_ml": null,
      "price_per_kg": null,
      "price_per_l": null
    },
    {
      "id": 5948,
      "name": "Орхидея Фаленопсис",
      "store": "Lidl",
      "price": 11.75,
      "old_price": null,
      "discount_pct": 0,
      "image_url": null,
      "off_barcode": null,
      "group_id": "g_6f4922f4",
      "match_type": "name_similarity",
      "match_confidence": 1.0,
      "quantity_g": null,
      "quantity_ml": null,
      "price_per_kg": null,
      "price_per_l": null
    },
    {
      "id": 568,
      "name": "Орхидея Фаленопсис Ø12 см",
      "store": "Kaufland",
      "price": 15.98,
      "old_price": null,
      "discount_pct": 0,
      "image_url": null,
      "off_barcode": null,
      "group_id": null,
      "match_type": null,
      "match_confidence": null,
      "quantity_g": null,
      "quantity_ml": null,
      "price_per_kg": null,
      "price_per_l": null
    },
    {
      "id": 2773,
      "name": "Охладен стек от сьомга | LIDL",
      "store": "Lidl",
      "price": 123.22,
      "old_price": null,
      "discount_pct": 0,
      "image_url": null,
      "off_barcode": null,
      "group_id": null,
      "match_type": null,
      "match_confidence": null,
      "quantity_g": null,
      "quantity_ml": null,
      "price_per_kg": null,
      "price_per_l": null
    },
    {
      "id": 3012,
      "name": "Охладена сьомга филе | LIDL",
      "store": "Lidl",
      "price": 142.77,
      "old_price": null,
      "discount_pct": 0,
      "image_url": null,
      "off_barcode": null,
      "group_id": null,
      "match_type": null,
      "match_confidence": null,
      "quantity_g": null,
      "quantity_ml": null,
      "price_per_kg": null,
      "price_per_l": null
    },
    {
      "id": 3396,
      "name": "Охлювче с глазура с шамфъстък",
      "store": "Kaufland",
      "price": 4.19,
      "old_price": null,
      "discount_pct": 0,
      "image_url": null,
      "off_barcode": null,
      "group_id": null,
      "match_type": null,
      "match_confidence": null,
      "quantity_g": null,
      "quantity_ml": null,
      "price_per_kg": null,
      "price_per_l": null
    },
    {
      "id": 2817,
      "name": "Охлювче с ядки | LIDL",
      "store": "Lidl",
      "price": 119.3,
      "old_price": null,
      "discount_pct": 0,
      "image_url": null,
      "off_barcode": null,
      "group_id": null,
      "match_type": null,
      "match_confidence": null,
      "quantity_g": null,
      "quantity_ml": null,
      "price_per_kg": null,
      "price_per_l": null
    },
    {
      "id": 2941,
      "name": "Охлювче със стафиди и ванилов крем | LIDL",
      "store": "Lidl",
      "price": 121.26,
      "old_price": null,
      "discount_pct": 0,
      "image_url": null,
      "off_barcode": null,
      "group_id": null,
      "match_type": null,
      "match_confidence": null,
      "quantity_g": null,
      "quantity_ml": null,
      "price_per_kg": null,
      "price_per_l": null
    },
    {
      "id": 3730,
      "name": "Пазарска кошница",
      "store": "Kaufland",
      "price": 4.99,
      "old_price": null,
      "discount_pct": 0,
      "image_url": null,
      "off_barcode": null,
      "group_id": null,
      "match_type": null,
      "match_confidence": null,
      "quantity_g": null,
      "quantity_ml": null,
      "price_per_kg": null,
      "price_per_l": null
    },
    {
      "id": 6071,
      "name": "Пазарска чанта",
      "store": "Lidl",
      "price": 1.02,
      "old_price": null,
      "discount_pct": 0,
      "image_url": null,
      "off_barcode": null,
      "group_id": null,
      "match_type": null,
      "match_confidence": null,
      "quantity_g": null,
      "quantity_ml": null,
      "price_per_kg": null,
      "price_per_l": null
    },
    {
      "id": 5843,
      "name": "Палачинки",
      "store": "Lidl",
      "price": 2.4,
      "old_price": null,
      "discount_pct": 0,
      "image_url": null,
      "off_barcode": null,
      "group_id": null,
      "match_type": null,
      "match_confidence": null,
      "quantity_g": null,
      "quantity_ml": null,
      "price_per_kg": null,
      "price_per_l": null
    },
    {
      "id": 3071,
      "name": "Памук | LIDL",
      "store": "Lidl",
      "price": 146.69,
      "old_price": null,
      "discount_pct": 0,
      "image_url": null,
      "off_barcode": null,
      "group_id": null,
      "match_type": null,
      "match_confidence": null,
      "quantity_g": null,
      "quantity_ml": null,
      "price_per_kg": null,
      "price_per_l": null
    },
    {
      "id": 2595,
      "name": "Памучни тампони | LIDL",
      "store": "Lidl",
      "price": 146.69,
      "old_price": null,
      "discount_pct": 0,
      "image_url": null,
      "off_barcode": null,
      "group_id": null,
      "match_type": null,
      "match_confidence": null,
      "quantity_g": null,
      "quantity_ml": null,
      "price_per_kg": null,
      "price_per_l": null
    },
    {
      "id": 3049,
      "name": "Памучни тампони овални | LIDL",
      "store": "Lidl",
      "price": 146.69,
      "old_price": null,
      "discount_pct": 0,
      "image_url": null,
      "off_barcode": null,
      "group_id": null,
      "match_type": null,
      "match_confidence": null,
      "quantity_g": null,
      "quantity_ml": null,
      "price_per_kg": null,
      "price_per_l": null
    },
    {
      "id": 5914,
      "name": "Панирани пилешки хапки",
      "store": "Lidl",
      "price": 3.06,
      "old_price": null,
      "discount_pct": 0,
      "image_url": null,
      "off_barcode": null,
      "group_id": null,
      "match_type": null,
      "match_confidence": null,
      "quantity_g": null,
      "quantity_ml": null,
      "price_per_kg": null,
      "price_per_l": null
    },
    {
      "id": 5806,
      "name": "Панирани сиренца",
      "store": "Lidl",
      "price": 5.11,
      "old_price": null,
      "discount_pct": 0,
      "image_url": null,
      "off_barcode": null,
      "group_id": null,
      "match_type": null,
      "match_confidence": null,
      "quantity_g": null,
      "quantity_ml": null,
      "price_per_kg": null,
      "price_per_l": null
    },
    {
      "id": 1060,
      "name": "Перелик",
      "store": "Kaufland",
      "price": 6.13,
      "old_price": null,
      "discount_pct": 0,
      "image_url": null,
      "off_barcode": null,
      "group_id": null,
      "match_type": null,
      "match_confidence": null,
      "quantity_g": null,
      "quantity_ml": null,
      "price_per_kg": null,
      "price_per_l": null
    },
    {
      "id": 4290,
      "name": "Перелик Шпек Бургас\nпромопакет",
      "store": "Kaufland",
      "price": 11.99,
      "old_price": null,
      "discount_pct": 0,
      "image_url": null,
      "off_barcode": null,
      "group_id": null,
      "match_type": null,
      "match_confidence": null,
      "quantity_g": null,
      "quantity_ml": null,
      "price_per_kg": null,
      "price_per_l": null
    },
    {
      "id": 5897,
      "name": "Перли от тапиока",
      "store": "Lidl",
      "price": 2.29,
      "old_price": null,
      "discount_pct": 0,
      "image_url": null,
      "off_barcode": null,
      "group_id": null,
      "match_type": null,
      "match_confidence": null,
      "quantity_g": null,
      "quantity_ml": null,
      "price_per_kg": null,
      "price_per_l": null
    },
    {
      "id": 3807,
      "name": "Перо за подсушаване на баня",
      "store": "Kaufland",
      "price": 1.99,
      "old_price": null,
      "discount_pct": 0,
      "image_url": null,
      "off_barcode": null,
      "group_id": null,
      "match_type": null,
      "match_confidence": null,
      "quantity_g": null,
      "quantity_ml": null,
      "price_per_kg": null,
      "price_per_l": null
    },
    {
      "id": 5928,
      "name": "Пиде",
      "store": "Lidl",
      "price": 3.06,
      "old_price": null,
      "discount_pct": 0,
      "image_url": null,
      "off_barcode": null,
      "group_id": null,
      "match_type": null,
      "match_confidence": null,
      "quantity_g": null,
      "quantity_ml": null,
      "price_per_kg": null,
      "price_per_l": null
    },
    {
      "id": 5918,
      "name": "Пилешки бутчета",
      "store": "Lidl",
      "price": 5.49,
      "old_price": null,
      "discount_pct": 0,
      "image_url": null,
      "off_barcode": null,
      "group_id": null,
      "match_type": null,
      "match_confidence": null,
      "quantity_g": null,
      "quantity_ml": null,
      "price_per_kg": null,
      "price_per_l": null
    },
    {
      "id": 5903,
      "name": "Питки",
      "store": "Lidl",
      "price": 1.78,
      "old_price": null,
      "discount_pct": 0,
      "image_url": null,
      "off_barcode": null,
      "group_id": null,
      "match_type": null,
      "match_confidence": null,
      "quantity_g": null,
      "quantity_ml": null,
      "price_per_kg": null,
      "price_per_l": null
    },
    {
      "id": 5902,
      "name": "Питки за дюнер",
      "store": "Lidl",
      "price": 3.57,
      "old_price": null,
      "discount_pct": 0,
      "image_url": null,
      "off_barcode": null,
      "group_id": null,
      "match_type": null,
      "match_confidence": null,
      "quantity_g": null,
      "quantity_ml": null,
      "price_per_kg": null,
      "price_per_l": null
    },
    {
      "id": 939,
      "name": "Пица",
      "store": "Kaufland",
      "price": 3.45,
      "old_price": null,
      "discount_pct": 0,
      "image_url": null,
      "off_barcode": null,
      "group_id": null,
      "match_type": null,
      "match_confidence": null,
      "quantity_g": null,
      "quantity_ml": null,
      "price_per_kg": null,
      "price_per_l": null
    },
    {
      "id": 2670,
      "name": "Пица Mаргарита XXL | LIDL",
      "store": "Lidl",
      "price": 119.3,
      "old_price": null,
      "discount_pct": 0,
      "image_url": null,
      "off_barcode": null,
      "group_id": null,
      "match_type": null,
      "match_confidence": null,
      "quantity_g": null,
      "quantity_ml": null,
      "price_per_kg": null,
      "price_per_l": null
    },
    {
      "id": 3443,
      "name": "Пица Сорентина с шунка и моцарела",
      "store": "Kaufland",
      "price": 2.99,
      "old_price": null,
      "discount_pct": 0,
      "image_url": null,
      "off_barcode": null,
      "group_id": null,
      "match_type": null,
      "match_confidence": null,
      "quantity_g": null,
      "quantity_ml": null,
      "price_per_kg": null,
      "price_per_l": null
    },
    {
      "id": 4794,
      "name": "Пица багета",
      "store": "Lidl",
      "price": 117.35,
      "old_price": null,
      "discount_pct": 0,
      "image_url": null,
      "off_barcode": null,
      "group_id": null,
      "match_type": null,
      "match_confidence": null,
      "quantity_g": null,
      "quantity_ml": null,
      "price_per_kg": null,
      "price_per_l": null
    },
    {
      "id": 3005,
      "name": "Пица багета | LIDL",
      "store": "Lidl",
      "price": 125.17,
      "old_price": null,
      "discount_pct": 0,
      "image_url": null,
      "off_barcode": null,
      "group_id": null,
      "match_type": null,
      "match_confidence": null,
      "quantity_g": null,
      "quantity_ml": null,
      "price_per_kg": null,
      "price_per_l": null
    },
    {
      "id": 2957,
      "name": "Пица парче | LIDL",
      "store": "Lidl",
      "price": 119.3,
      "old_price": null,
      "discount_pct": 0,
      "image_url": null,
      "off_barcode": null,
      "group_id": null,
      "match_type": null,
      "match_confidence": null,
      "quantity_g": null,
      "quantity_ml": null,
      "price_per_kg": null,
      "price_per_l": null
    },
    {
      "id": 3119,
      "name": "Пица със салам | LIDL",
      "store": "Lidl",
      "price": 117.35,
      "old_price": null,
      "discount_pct": 0,
      "image_url": null,
      "off_barcode": null,
      "group_id": null,
      "match_type": null,
      "match_confidence": null,
      "quantity_g": null,
      "quantity_ml": null,
      "price_per_kg": null,
      "price_per_l": null
    },
    {
      "id": 2718,
      "name": "Пица със салам италианска | LIDL",
      "store": "Lidl",
      "price": 119.3,
      "old_price": null,
      "discount_pct": 0,
      "image_url": null,
      "off_barcode": null,
      "group_id": null,
      "match_type": null,
      "match_confidence": null,
      "quantity_g": null,
      "quantity_ml": null,
      "price_per_kg": null,
      "price_per_l": null
    },
    {
      "id": 2610,
      "name": "Плетеница с Чедър | LIDL",
      "store": "Lidl",
      "price": 119.3,
      "old_price": null,
      "discount_pct": 0,
      "image_url": null,
      "off_barcode": null,
      "group_id": null,
      "match_type": null,
      "match_confidence": null,
      "quantity_g": null,
      "quantity_ml": null,
      "price_per_kg": null,
      "price_per_l": null
    },
    {
      "id": 2767,
      "name": "Плосък хляб Аранда | LIDL",
      "store": "Lidl",
      "price": 1.19,
      "old_price": null,
      "discount_pct": 0,
      "image_url": null,
      "off_barcode": null,
      "group_id": null,
      "match_type": null,
      "match_confidence": null,
      "quantity_g": null,
      "quantity_ml": null,
      "price_per_kg": null,
      "price_per_l": null
    },
    {
      "id": 1349,
      "name": "Плюшена играчка",
      "store": "Kaufland",
      "price": 3.57,
      "old_price": null,
      "discount_pct": 0,
      "image_url": null,
      "off_barcode": null,
      "group_id": "g_1f0e3dad",
      "match_type": "name_similarity",
      "match_confidence": 1.0,
      "quantity_g": null,
      "quantity_ml": null,
      "price_per_kg": null,
      "price_per_l": null
    },
    {
      "id": 6036,
      "name": "Плюшена играчка",
      "store": "Lidl",
      "price": 3.57,
      "old_price": null,
      "discount_pct": 0,
      "image_url": null,
      "off_barcode": null,
      "group_id": "g_1f0e3dad",
      "match_type": "name_similarity",
      "match_confidence": 1.0,
      "quantity_g": null,
      "quantity_ml": null,
      "price_per_kg": null,
      "price_per_l": null
    },
    {
      "id": 431,
      "name": "Плюшена играчка мече",
      "store": "Kaufland",
      "price": 6.98,
      "old_price": null,
      "discount_pct": 0,
      "image_url": null,
      "off_barcode": null,
      "group_id": null,
      "match_type": null,
      "match_confidence": null,
      "quantity_g": null,
      "quantity_ml": null,
      "price_per_kg": null,
      "price_per_l": null
    },
    {
      "id": 430,
      "name": "Плюшена играчка различни видове",
      "store": "Kaufland",
      "price": 6.98,
      "old_price": null,
      "discount_pct": 0,
      "image_url": null,
      "off_barcode": null,
      "group_id": null,
      "match_type": null,
      "match_confidence": null,
      "quantity_g": null,
      "quantity_ml": null,
      "price_per_kg": null,
      "price_per_l": null
    },
    {
      "id": 1422,
      "name": "Подложка за обувки",
      "store": "Kaufland",
      "price": 1.02,
      "old_price": null,
      "discount_pct": 0,
      "image_url": null,
      "off_barcode": null,
      "group_id": null,
      "match_type": null,
      "match_confidence": null,
      "quantity_g": null,
      "quantity_ml": null,
      "price_per_kg": null,
      "price_per_l": null
    },
    {
      "id": 4571,
      "name": "Подложка за обувки 45 х 30 см",
      "store": "Kaufland",
      "price": 1.99,
      "old_price": null,
      "discount_pct": 0,
      "image_url": null,
      "off_barcode": null,
      "group_id": null,
      "match_type": null,
      "match_confidence": null,
      "quantity_g": null,
      "quantity_ml": null,
      "price_per_kg": null,
      "price_per_l": null
    },
    {
      "id": 2668,
      "name": "Поничка | LIDL",
      "store": "Lidl",
      "price": 125.17,
      "old_price": null,
      "discount_pct": 0,
      "image_url": null,
      "off_barcode": null,
      "group_id": null,
      "match_type": null,
      "match_confidence": null,
      "quantity_g": null,
      "quantity_ml": null,
      "price_per_kg": null,
      "price_per_l": null
    },
    {
      "id": 4817,
      "name": "Поничка с плодов пълнеж",
      "store": "Lidl",
      "price": 121.26,
      "old_price": null,
      "discount_pct": 0,
      "image_url": null,
      "off_barcode": null,
      "group_id": null,
      "match_type": null,
      "match_confidence": null,
      "quantity_g": null,
      "quantity_ml": null,
      "price_per_kg": null,
      "price_per_l": null
    },
    {
      "id": 2741,
      "name": "Поничка с плодов пълнеж | LIDL",
      "store": "Lidl",
      "price": 119.3,
      "old_price": null,
      "discount_pct": 0,
      "image_url": null,
      "off_barcode": null,
      "group_id": null,
      "match_type": null,
      "match_confidence": null,
      "quantity_g": null,
      "quantity_ml": null,
      "price_per_kg": null,
      "price_per_l": null
    },
    {
      "id": 1163,
      "name": "Поничка сърце",
      "store": "Kaufland",
      "price": 0.66,
      "old_price": null,
      "discount_pct": 0,
      "image_url": null,
      "off_barcode": null,
      "group_id": null,
      "match_type": null,
      "match_confidence": null,
      "quantity_g": null,
      "quantity_ml": null,
      "price_per_kg": null,
      "price_per_l": null
    },
    {
      "id": 232,
      "name": "Поничка сърце от нашата пекарна",
      "store": "Kaufland",
      "price": 1.29,
      "old_price": null,
      "discount_pct": 0,
      "image_url": null,
      "off_barcode": null,
      "group_id": null,
      "match_type": null,
      "match_confidence": null,
      "quantity_g": null,
      "quantity_ml": null,
      "price_per_kg": null,
      "price_per_l": null
    },
    {
      "id": 2611,
      "name": "Поничка сърце с плодов пълнеж | LIDL",
      "store": "Lidl",
      "price": 117.35,
      "old_price": null,
      "discount_pct": 0,
      "image_url": null,
      "off_barcode": null,
      "group_id": null,
      "match_type": null,
      "match_confidence": null,
      "quantity_g": null,
      "quantity_ml": null,
      "price_per_kg": null,
      "price_per_l": null
    },
    {
      "id": 1445,
      "name": "Постелка за баня",
      "store": "Kaufland",
      "price": 3.83,
      "old_price": null,
      "discount_pct": 0,
      "image_url": null,
      "off_barcode": null,
      "group_id": null,
      "match_type": null,
      "match_confidence": null,
      "quantity_g": null,
      "quantity_ml": null,
      "price_per_kg": null,
      "price_per_l": null
    },
    {
      "id": 4647,
      "name": "Постелка за баня 40 х 60 см",
      "store": "Kaufland",
      "price": 7.49,
      "old_price": null,
      "discount_pct": 0,
      "image_url": null,
      "off_barcode": null,
      "group_id": null,
      "match_type": null,
      "match_confidence": null,
      "quantity_g": null,
      "quantity_ml": null,
      "price_per_kg": null,
      "price_per_l": null
    },
    {
      "id": 3113,
      "name": "Почистващ спрей за ръце | LIDL",
      "store": "Lidl",
      "price": 144.73,
      "old_price": null,
      "discount_pct": 0,
      "image_url": null,
      "off_barcode": null,
      "group_id": null,
      "match_type": null,
      "match_confidence": null,
      "quantity_g": null,
      "quantity_ml": null,
      "price_per_kg": null,
      "price_per_l": null
    },
    {
      "id": 2789,
      "name": "Права баница със сирене | LIDL",
      "store": "Lidl",
      "price": 119.3,
      "old_price": null,
      "discount_pct": 0,
      "image_url": null,
      "off_barcode": null,
      "group_id": null,
      "match_type": null,
      "match_confidence": null,
      "quantity_g": null,
      "quantity_ml": null,
      "price_per_kg": null,
      "price_per_l": null
    },
    {
      "id": 2719,
      "name": "Премиум лакомства за котки | LIDL",
      "store": "Lidl",
      "price": 172.11,
      "old_price": null,
      "discount_pct": 0,
      "image_url": null,
      "off_barcode": null,
      "group_id": null,
      "match_type": null,
      "match_confidence": null,
      "quantity_g": null,
      "quantity_ml": null,
      "price_per_kg": null,
      "price_per_l": null
    },
    {
      "id": 2576,
      "name": "Премиум лакомства за кучета | LIDL",
      "store": "Lidl",
      "price": 172.11,
      "old_price": null,
      "discount_pct": 0,
      "image_url": null,
      "off_barcode": null,
      "group_id": null,
      "match_type": null,
      "match_confidence": null,
      "quantity_g": null,
      "quantity_ml": null,
      "price_per_kg": null,
      "price_per_l": null
    },
    {
      "id": 4793,
      "name": "Премиум пастет за кучета",
      "store": "Lidl",
      "price": 187.76,
      "old_price": null,
      "discount_pct": 0,
      "image_url": null,
      "off_barcode": null,
      "group_id": null,
      "match_type": null,
      "match_confidence": null,
      "quantity_g": null,
      "quantity_ml": null,
      "price_per_kg": null,
      "price_per_l": null
    },
    {
      "id": 2676,
      "name": "Премиум пастет за кучета | LIDL",
      "store": "Lidl",
      "price": 172.11,
      "old_price": null,
      "discount_pct": 0,
      "image_url": null,
      "off_barcode": null,
      "group_id": null,
      "match_type": null,
      "match_confidence": null,
      "quantity_g": null,
      "quantity_ml": null,
      "price_per_kg": null,
      "price_per_l": null
    },
    {
      "id": 2551,
      "name": "Премиум снакс за кучета | LIDL",
      "store": "Lidl",
      "price": 132.99,
      "old_price": null,
      "discount_pct": 0,
      "image_url": null,
      "off_barcode": null,
      "group_id": null,
      "match_type": null,
      "match_confidence": null,
      "quantity_g": null,
      "quantity_ml": null,
      "price_per_kg": null,
      "price_per_l": null
    },
    {
      "id": 2961,
      "name": "Премиум суха храна за кучета | LIDL",
      "store": "Lidl",
      "price": 156.46,
      "old_price": null,
      "discount_pct": 0,
      "image_url": null,
      "off_barcode": null,
      "group_id": null,
      "match_type": null,
      "match_confidence": null,
      "quantity_g": null,
      "quantity_ml": null,
      "price_per_kg": null,
      "price_per_l": null
    },
    {
      "id": 4838,
      "name": "Премиум храна за котки",
      "store": "Lidl",
      "price": 132.99,
      "old_price": null,
      "discount_pct": 0,
      "image_url": null,
      "off_barcode": null,
      "group_id": null,
      "match_type": null,
      "match_confidence": null,
      "quantity_g": null,
      "quantity_ml": null,
      "price_per_kg": null,
      "price_per_l": null
    },
    {
      "id": 3031,
      "name": "Премиум храна за котки | LIDL",
      "store": "Lidl",
      "price": 140.82,
      "old_price": null,
      "discount_pct": 0,
      "image_url": null,
      "off_barcode": null,
      "group_id": null,
      "match_type": null,
      "match_confidence": null,
      "quantity_g": null,
      "quantity_ml": null,
      "price_per_kg": null,
      "price_per_l": null
    },
    {
      "id": 4777,
      "name": "Премиум храна за котки, пауч",
      "store": "Lidl",
      "price": 136.91,
      "old_price": null,
      "discount_pct": 0,
      "image_url": null,
      "off_barcode": null,
      "group_id": null,
      "match_type": null,
      "match_confidence": null,
      "quantity_g": null,
      "quantity_ml": null,
      "price_per_kg": null,
      "price_per_l": null
    },
    {
      "id": 2569,
      "name": "Премиум храна за котки, пауч | LIDL",
      "store": "Lidl",
      "price": 132.99,
      "old_price": null,
      "discount_pct": 0,
      "image_url": null,
      "off_barcode": null,
      "group_id": null,
      "match_type": null,
      "match_confidence": null,
      "quantity_g": null,
      "quantity_ml": null,
      "price_per_kg": null,
      "price_per_l": null
    },
    {
      "id": 2587,
      "name": "Премиум храна за кучета | LIDL",
      "store": "Lidl",
      "price": 172.11,
      "old_price": null,
      "discount_pct": 0,
      "image_url": null,
      "off_barcode": null,
      "group_id": null,
      "match_type": null,
      "match_confidence": null,
      "quantity_g": null,
      "quantity_ml": null,
      "price_per_kg": null,
      "price_per_l": null
    },
    {
      "id": 2643,
      "name": "Премиум храна за кучета, пауч | LIDL",
      "store": "Lidl",
      "price": 156.46,
      "old_price": null,
      "discount_pct": 0,
      "image_url": null,
      "off_barcode": null,
      "group_id": null,
      "match_type": null,
      "match_confidence": null,
      "quantity_g": null,
      "quantity_ml": null,
      "price_per_kg": null,
      "price_per_l": null
    },
    {
      "id": 5976,
      "name": "Препарат за съдове XXL",
      "store": "Lidl",
      "price": 2.55,
      "old_price": null,
      "discount_pct": 0,
      "image_url": null,
      "off_barcode": null,
      "group_id": null,
      "match_type": null,
      "match_confidence": null,
      "quantity_g": null,
      "quantity_ml": null,
      "price_per_kg": null,
      "price_per_l": null
    },
    {
      "id": 3159,
      "name": "Пресни пилешки крила, мариновани | LIDL",
      "store": "Lidl",
      "price": 146.69,
      "old_price": null,
      "discount_pct": 0,
      "image_url": null,
      "off_barcode": null,
      "group_id": null,
      "match_type": null,
      "match_confidence": null,
      "quantity_g": null,
      "quantity_ml": null,
      "price_per_kg": null,
      "price_per_l": null
    },
    {
      "id": 5911,
      "name": "Пресни яйца",
      "store": "Lidl",
      "price": 6.13,
      "old_price": null,
      "discount_pct": 0,
      "image_url": null,
      "off_barcode": null,
      "group_id": null,
      "match_type": null,
      "match_confidence": null,
      "quantity_g": null,
      "quantity_ml": null,
      "price_per_kg": null,
      "price_per_l": null
    },
    {
      "id": 5913,
      "name": "Пролетни рулца",
      "store": "Lidl",
      "price": 2.4,
      "old_price": null,
      "discount_pct": 0,
      "image_url": null,
      "off_barcode": null,
      "group_id": null,
      "match_type": null,
      "match_confidence": null,
      "quantity_g": null,
      "quantity_ml": null,
      "price_per_kg": null,
      "price_per_l": null
    },
    {
      "id": 5825,
      "name": "Прясна паста Дим Сум",
      "store": "Lidl",
      "price": 1.89,
      "old_price": null,
      "discount_pct": 0,
      "image_url": null,
      "off_barcode": null,
      "group_id": null,
      "match_type": null,
      "match_confidence": null,
      "quantity_g": null,
      "quantity_ml": null,
      "price_per_kg": null,
      "price_per_l": null
    },
    {
      "id": 2613,
      "name": "Прясна пилешка пържола от бут, маринована | LIDL",
      "store": "Lidl",
      "price": 146.69,
      "old_price": null,
      "discount_pct": 0,
      "image_url": null,
      "off_barcode": null,
      "group_id": null,
      "match_type": null,
      "match_confidence": null,
      "quantity_g": null,
      "quantity_ml": null,
      "price_per_kg": null,
      "price_per_l": null
    },
    {
      "id": 5778,
      "name": "Прясно пилешко бутче XXL",
      "store": "Lidl",
      "price": 1.78,
      "old_price": null,
      "discount_pct": 0,
      "image_url": null,
      "off_barcode": null,
      "group_id": null,
      "match_type": null,
      "match_confidence": null,
      "quantity_g": null,
      "quantity_ml": null,
      "price_per_kg": null,
      "price_per_l": null
    },
    {
      "id": 2915,
      "name": "Прясно пилешко филе от гърди, маринованo | LIDL",
      "store": "Lidl",
      "price": 146.69,
      "old_price": null,
      "discount_pct": 0,
      "image_url": null,
      "off_barcode": null,
      "group_id": null,
      "match_type": null,
      "match_confidence": null,
      "quantity_g": null,
      "quantity_ml": null,
      "price_per_kg": null,
      "price_per_l": null
    },
    {
      "id": 2675,
      "name": "Прясно филе от сьомга с кожа | LIDL",
      "store": "Lidl",
      "price": 154.51,
      "old_price": null,
      "discount_pct": 0,
      "image_url": null,
      "off_barcode": null,
      "group_id": null,
      "match_type": null,
      "match_confidence": null,
      "quantity_g": null,
      "quantity_ml": null,
      "price_per_kg": null,
      "price_per_l": null
    },
    {
      "id": 5721,
      "name": "Пукани люти чушки XXL",
      "store": "Lidl",
      "price": 2.04,
      "old_price": null,
      "discount_pct": 0,
      "image_url": null,
      "off_barcode": null,
      "group_id": null,
      "match_type": null,
      "match_confidence": null,
      "quantity_g": null,
      "quantity_ml": null,
      "price_per_kg": null,
      "price_per_l": null
    },
    {
      "id": 2996,
      "name": "Пура с шунка и кашкавал | LIDL",
      "store": "Lidl",
      "price": 1.19,
      "old_price": null,
      "discount_pct": 0,
      "image_url": null,
      "off_barcode": null,
      "group_id": null,
      "match_type": null,
      "match_confidence": null,
      "quantity_g": null,
      "quantity_ml": null,
      "price_per_kg": null,
      "price_per_l": null
    },
    {
      "id": 3083,
      "name": "Пура със сирене | LIDL",
      "store": "Lidl",
      "price": 1.19,
      "old_price": null,
      "discount_pct": 0,
      "image_url": null,
      "off_barcode": null,
      "group_id": null,
      "match_type": null,
      "match_confidence": null,
      "quantity_g": null,
      "quantity_ml": null,
      "price_per_kg": null,
      "price_per_l": null
    },
    {
      "id": 2843,
      "name": "Пушен бекон на ленти | LIDL",
      "store": "Lidl",
      "price": 117.35,
      "old_price": null,
      "discount_pct": 0,
      "image_url": null,
      "off_barcode": null,
      "group_id": null,
      "match_type": null,
      "match_confidence": null,
      "quantity_g": null,
      "quantity_ml": null,
      "price_per_kg": null,
      "price_per_l": null
    },
    {
      "id": 2736,
      "name": "Пълнозърнест хляб с квас | LIDL",
      "store": "Lidl",
      "price": 1.19,
      "old_price": null,
      "discount_pct": 0,
      "image_url": null,
      "off_barcode": null,
      "group_id": null,
      "match_type": null,
      "match_confidence": null,
      "quantity_g": null,
      "quantity_ml": null,
      "price_per_kg": null,
      "price_per_l": null
    },
    {
      "id": 4818,
      "name": "Пълнозърнеста питка с лимец",
      "store": "Lidl",
      "price": 1.25,
      "old_price": null,
      "discount_pct": 0,
      "image_url": null,
      "off_barcode": null,
      "group_id": null,
      "match_type": null,
      "match_confidence": null,
      "quantity_g": null,
      "quantity_ml": null,
      "price_per_kg": null,
      "price_per_l": null
    },
    {
      "id": 2800,
      "name": "Пълнозърнеста питка с лимец | LIDL",
      "store": "Lidl",
      "price": 1.17,
      "old_price": null,
      "discount_pct": 0,
      "image_url": null,
      "off_barcode": null,
      "group_id": null,
      "match_type": null,
      "match_confidence": null,
      "quantity_g": null,
      "quantity_ml": null,
      "price_per_kg": null,
      "price_per_l": null
    },
    {
      "id": 3028,
      "name": "Пяна за бръснене Sensitive | LIDL",
      "store": "Lidl",
      "price": 144.73,
      "old_price": null,
      "discount_pct": 0,
      "image_url": null,
      "off_barcode": null,
      "group_id": null,
      "match_type": null,
      "match_confidence": null,
      "quantity_g": null,
      "quantity_ml": null,
      "price_per_kg": null,
      "price_per_l": null
    },
    {
      "id": 1474,
      "name": "РИКАС",
      "store": "Kaufland",
      "price": 0.4,
      "old_price": null,
      "discount_pct": 0,
      "image_url": null,
      "off_barcode": null,
      "group_id": null,
      "match_type": null,
      "match_confidence": null,
      "quantity_g": null,
      "quantity_ml": null,
      "price_per_kg": null,
      "price_per_l": null
    },
    {
      "id": 5837,
      "name": "Разядка по ориенталски",
      "store": "Lidl",
      "price": 2.04,
      "old_price": null,
      "discount_pct": 0,
      "image_url": null,
      "off_barcode": null,
      "group_id": null,
      "match_type": null,
      "match_confidence": null,
      "quantity_g": null,
      "quantity_ml": null,
      "price_per_kg": null,
      "price_per_l": null
    },
    {
      "id": 2713,
      "name": "Резервни ножчета | LIDL",
      "store": "Lidl",
      "price": 146.69,
      "old_price": null,
      "discount_pct": 0,
      "image_url": null,
      "off_barcode": null,
      "group_id": null,
      "match_type": null,
      "match_confidence": null,
      "quantity_g": null,
      "quantity_ml": null,
      "price_per_kg": null,
      "price_per_l": null
    },
    {
      "id": 165,
      "name": "Рибно филе панирано",
      "store": "Lidl",
      "price": 138.86,
      "old_price": null,
      "discount_pct": 0,
      "image_url": null,
      "off_barcode": null,
      "group_id": null,
      "match_type": null,
      "match_confidence": null,
      "quantity_g": null,
      "quantity_ml": null,
      "price_per_kg": null,
      "price_per_l": null
    },
    {
      "id": 5772,
      "name": "Родопска наденица",
      "store": "Lidl",
      "price": 3.06,
      "old_price": null,
      "discount_pct": 0,
      "image_url": null,
      "off_barcode": null,
      "group_id": null,
      "match_type": null,
      "match_confidence": null,
      "quantity_g": null,
      "quantity_ml": null,
      "price_per_kg": null,
      "price_per_l": null
    },
    {
      "id": 3306,
      "name": "Родопско чудо Сирене\nот овче мляко",
      "store": "Kaufland",
      "price": 18.99,
      "old_price": null,
      "discount_pct": 0,
      "image_url": null,
      "off_barcode": null,
      "group_id": null,
      "match_type": null,
      "match_confidence": null,
      "quantity_g": null,
      "quantity_ml": null,
      "price_per_kg": null,
      "price_per_l": null
    },
    {
      "id": 1487,
      "name": "Роза микс",
      "store": "Kaufland",
      "price": 3.21,
      "old_price": null,
      "discount_pct": 0,
      "image_url": null,
      "off_barcode": null,
      "group_id": null,
      "match_type": null,
      "match_confidence": null,
      "quantity_g": null,
      "quantity_ml": null,
      "price_per_kg": null,
      "price_per_l": null
    },
    {
      "id": 569,
      "name": "Роза микс Ø10,5 см",
      "store": "Kaufland",
      "price": 6.28,
      "old_price": null,
      "discount_pct": 0,
      "image_url": null,
      "off_barcode": null,
      "group_id": null,
      "match_type": null,
      "match_confidence": null,
      "quantity_g": null,
      "quantity_ml": null,
      "price_per_kg": null,
      "price_per_l": null
    },
    {
      "id": 5955,
      "name": "Рози „Любов“",
      "store": "Lidl",
      "price": 10.22,
      "old_price": null,
      "discount_pct": 0,
      "image_url": null,
      "off_barcode": null,
      "group_id": null,
      "match_type": null,
      "match_confidence": null,
      "quantity_g": null,
      "quantity_ml": null,
      "price_per_kg": null,
      "price_per_l": null
    },
    {
      "id": 3087,
      "name": "Розов донат с пълнеж | LIDL",
      "store": "Lidl",
      "price": 1.17,
      "old_price": null,
      "discount_pct": 0,
      "image_url": null,
      "off_barcode": null,
      "group_id": null,
      "match_type": null,
      "match_confidence": null,
      "quantity_g": null,
      "quantity_ml": null,
      "price_per_kg": null,
      "price_per_l": null
    },
    {
      "id": 1183,
      "name": "Руло",
      "store": "Kaufland",
      "price": 1.53,
      "old_price": null,
      "discount_pct": 0,
      "image_url": null,
      "off_barcode": null,
      "group_id": null,
      "match_type": null,
      "match_confidence": null,
      "quantity_g": null,
      "quantity_ml": null,
      "price_per_kg": null,
      "price_per_l": null
    },
    {
      "id": 5805,
      "name": "Руло от прясно козе сирене",
      "store": "Lidl",
      "price": 2.29,
      "old_price": null,
      "discount_pct": 0,
      "image_url": null,
      "off_barcode": null,
      "group_id": null,
      "match_type": null,
      "match_confidence": null,
      "quantity_g": null,
      "quantity_ml": null,
      "price_per_kg": null,
      "price_per_l": null
    },
    {
      "id": 265,
      "name": "Руло различни видове",
      "store": "Kaufland",
      "price": 2.99,
      "old_price": null,
      "discount_pct": 0,
      "image_url": null,
      "off_barcode": null,
      "group_id": null,
      "match_type": null,
      "match_confidence": null,
      "quantity_g": null,
      "quantity_ml": null,
      "price_per_kg": null,
      "price_per_l": null
    },
    {
      "id": 267,
      "name": "Руло различни вкусове",
      "store": "Kaufland",
      "price": 2.99,
      "old_price": null,
      "discount_pct": 0,
      "image_url": null,
      "off_barcode": null,
      "group_id": null,
      "match_type": null,
      "match_confidence": null,
      "quantity_g": null,
      "quantity_ml": null,
      "price_per_kg": null,
      "price_per_l": null
    },
    {
      "id": 5842,
      "name": "Рулца с пълнеж от сирене",
      "store": "Lidl",
      "price": 3.57,
      "old_price": null,
      "discount_pct": 0,
      "image_url": null,
      "off_barcode": null,
      "group_id": null,
      "match_type": null,
      "match_confidence": null,
      "quantity_g": null,
      "quantity_ml": null,
      "price_per_kg": null,
      "price_per_l": null
    },
    {
      "id": 5714,
      "name": "Руска салата XXL",
      "store": "Lidl",
      "price": 2.84,
      "old_price": null,
      "discount_pct": 0,
      "image_url": null,
      "off_barcode": null,
      "group_id": null,
      "match_type": null,
      "match_confidence": null,
      "quantity_g": null,
      "quantity_ml": null,
      "price_per_kg": null,
      "price_per_l": null
    },
    {
      "id": 4827,
      "name": "Ръжен хляб с малц и течна ръжена закваска",
      "store": "Lidl",
      "price": 1.19,
      "old_price": null,
      "discount_pct": 0,
      "image_url": null,
      "off_barcode": null,
      "group_id": null,
      "match_type": null,
      "match_confidence": null,
      "quantity_g": null,
      "quantity_ml": null,
      "price_per_kg": null,
      "price_per_l": null
    },
    {
      "id": 2784,
      "name": "Ръжен хляб с малц и течна ръжена закваска | LIDL",
      "store": "Lidl",
      "price": 1.17,
      "old_price": null,
      "discount_pct": 0,
      "image_url": null,
      "off_barcode": null,
      "group_id": null,
      "match_type": null,
      "match_confidence": null,
      "quantity_g": null,
      "quantity_ml": null,
      "price_per_kg": null,
      "price_per_l": null
    },
    {
      "id": 4786,
      "name": "Ръжено-пшеничен хляб",
      "store": "Lidl",
      "price": 1.19,
      "old_price": null,
      "discount_pct": 0,
      "image_url": null,
      "off_barcode": null,
      "group_id": null,
      "match_type": null,
      "match_confidence": null,
      "quantity_g": null,
      "quantity_ml": null,
      "price_per_kg": null,
      "price_per_l": null
    },
    {
      "id": 2692,
      "name": "Ръжено-пшеничен хляб | LIDL",
      "store": "Lidl",
      "price": 1.17,
      "old_price": null,
      "discount_pct": 0,
      "image_url": null,
      "off_barcode": null,
      "group_id": null,
      "match_type": null,
      "match_confidence": null,
      "quantity_g": null,
      "quantity_ml": null,
      "price_per_kg": null,
      "price_per_l": null
    },
    {
      "id": 2913,
      "name": "Ръчен хляб | LIDL",
      "store": "Lidl",
      "price": 1.19,
      "old_price": null,
      "discount_pct": 0,
      "image_url": null,
      "off_barcode": null,
      "group_id": null,
      "match_type": null,
      "match_confidence": null,
      "quantity_g": null,
      "quantity_ml": null,
      "price_per_kg": null,
      "price_per_l": null
    },
    {
      "id": 1087,
      "name": "САЯНА",
      "store": "Kaufland",
      "price": 2.55,
      "old_price": null,
      "discount_pct": 0,
      "image_url": null,
      "off_barcode": null,
      "group_id": null,
      "match_type": null,
      "match_confidence": null,
      "quantity_g": null,
      "quantity_ml": null,
      "price_per_kg": null,
      "price_per_l": null
    },
    {
      "id": 169,
      "name": "САЯНА Извара\nот свежата витрина",
      "store": "Kaufland",
      "price": 4.99,
      "old_price": null,
      "discount_pct": 0,
      "image_url": null,
      "off_barcode": null,
      "group_id": null,
      "match_type": null,
      "match_confidence": null,
      "quantity_g": null,
      "quantity_ml": null,
      "price_per_kg": null,
      "price_per_l": null
    },
    {
      "id": 2699,
      "name": "Салам за кучета | LIDL",
      "store": "Lidl",
      "price": 164.29,
      "old_price": null,
      "discount_pct": 0,
      "image_url": null,
      "off_barcode": null,
      "group_id": null,
      "match_type": null,
      "match_confidence": null,
      "quantity_g": null,
      "quantity_ml": null,
      "price_per_kg": null,
      "price_per_l": null
    },
    {
      "id": 5713,
      "name": "Салата Снежанка XXL",
      "store": "Lidl",
      "price": 3.37,
      "old_price": null,
      "discount_pct": 0,
      "image_url": null,
      "off_barcode": null,
      "group_id": null,
      "match_type": null,
      "match_confidence": null,
      "quantity_g": null,
      "quantity_ml": null,
      "price_per_kg": null,
      "price_per_l": null
    },
    {
      "id": 785,
      "name": "Само с Billa App - Lavazza Кафе на зърна Qualita Rossa 1 кг",
      "store": "Billa",
      "price": 24.03,
      "old_price": null,
      "discount_pct": 0,
      "image_url": null,
      "off_barcode": null,
      "group_id": null,
      "match_type": null,
      "match_confidence": null,
      "quantity_g": 1000,
      "quantity_ml": null,
      "price_per_kg": 24.03,
      "price_per_l": null
    },
    {
      "id": 789,
      "name": "Само с Billa App - Teo Bebe Тоaлетен сапун 75 г Произход - България",
      "store": "Billa",
      "price": 0.75,
      "old_price": null,
      "discount_pct": 0,
      "image_url": null,
      "off_barcode": null,
      "group_id": null,
      "match_type": null,
      "match_confidence": null,
      "quantity_g": 75,
      "quantity_ml": null,
      "price_per_kg": 10.0,
      "price_per_l": null
    },
    {
      "id": 899,
      "name": "Само с Billa Card - Ariel Гел за пране 40 пранета или Капсули за пране 28 бр. 1 опаковка, 1 изпиране",
      "store": "Billa",
      "price": 10.73,
      "old_price": null,
      "discount_pct": 0,
      "image_url": null,
      "off_barcode": null,
      "group_id": null,
      "match_type": null,
      "match_confidence": null,
      "quantity_g": null,
      "quantity_ml": null,
      "price_per_kg": null,
      "price_per_l": null
    },
    {
      "id": 903,
      "name": "Само с Billa Card - Dove Advanced Дезодорант спрей 150 мл или рол он 50 мл Различни видове 1 бр.",
      "store": "Billa",
      "price": 3.45,
      "old_price": null,
      "discount_pct": 0,
      "image_url": null,
      "off_barcode": null,
      "group_id": null,
      "match_type": null,
      "match_confidence": null,
      "quantity_g": null,
      "quantity_ml": 150,
      "price_per_kg": null,
      "price_per_l": 23.0
    },
    {
      "id": 801,
      "name": "Само с Billa Card - Lindt Шоколад Excellence различни видове 100 г",
      "store": "Billa",
      "price": 3.06,
      "old_price": null,
      "discount_pct": 0,
      "image_url": null,
      "off_barcode": null,
      "group_id": null,
      "match_type": null,
      "match_confidence": null,
      "quantity_g": 100,
      "quantity_ml": null,
      "price_per_kg": 30.6,
      "price_per_l": null
    },
    {
      "id": 875,
      "name": "Само с Billa Card - Nivea Душ гел 500 мл Различни видове",
      "store": "Billa",
      "price": 4.09,
      "old_price": null,
      "discount_pct": 0,
      "image_url": null,
      "off_barcode": null,
      "group_id": null,
      "match_type": null,
      "match_confidence": null,
      "quantity_g": null,
      "quantity_ml": 500,
      "price_per_kg": null,
      "price_per_l": 8.18
    },
    {
      "id": 904,
      "name": "Само с Billa Card - Pampers Premium Бебешки пелени - размер 1 или 2 - 46-52 бр.в опаковка Продукт, м",
      "store": "Billa",
      "price": 14.72,
      "old_price": null,
      "discount_pct": 0,
      "image_url": null,
      "off_barcode": null,
      "group_id": null,
      "match_type": null,
      "match_confidence": null,
      "quantity_g": null,
      "quantity_ml": null,
      "price_per_kg": null,
      "price_per_l": null
    },
    {
      "id": 902,
      "name": "Само с Billa Card - Rexona Дезодорант спрей 150 мл или стик 50 мл - различни аромати, 1 бр.",
      "store": "Billa",
      "price": 2.74,
      "old_price": null,
      "discount_pct": 0,
      "image_url": null,
      "off_barcode": null,
      "group_id": null,
      "match_type": null,
      "match_confidence": null,
      "quantity_g": null,
      "quantity_ml": 150,
      "price_per_kg": null,
      "price_per_l": 18.27
    },
    {
      "id": 842,
      "name": "Само с Billa Card - Somersby сайдер 0,33 л",
      "store": "Billa",
      "price": 0.81,
      "old_price": null,
      "discount_pct": 0,
      "image_url": null,
      "off_barcode": null,
      "group_id": null,
      "match_type": null,
      "match_confidence": null,
      "quantity_g": null,
      "quantity_ml": 330,
      "price_per_kg": null,
      "price_per_l": 2.45
    },
    {
      "id": 2730,
      "name": "Сандвич с пуешка шунка и сирене | LIDL",
      "store": "Lidl",
      "price": 119.3,
      "old_price": null,
      "discount_pct": 0,
      "image_url": null,
      "off_barcode": null,
      "group_id": null,
      "match_type": null,
      "match_confidence": null,
      "quantity_g": null,
      "quantity_ml": null,
      "price_per_kg": null,
      "price_per_l": null
    },
    {
      "id": 5710,
      "name": "Свински бут XXL",
      "store": "Lidl",
      "price": 7.15,
      "old_price": null,
      "discount_pct": 0,
      "image_url": null,
      "off_barcode": null,
      "group_id": null,
      "match_type": null,
      "match_confidence": null,
      "quantity_g": null,
      "quantity_ml": null,
      "price_per_kg": null,
      "price_per_l": null
    },
    {
      "id": 5773,
      "name": "Свински бут без кост",
      "store": "Lidl",
      "price": 2.8,
      "old_price": null,
      "discount_pct": 0,
      "image_url": null,
      "off_barcode": null,
      "group_id": "g_98f13708",
      "match_type": "name_similarity",
      "match_confidence": 0.87,
      "quantity_g": null,
      "quantity_ml": null,
      "price_per_kg": null,
      "price_per_l": null
    },
    {
      "id": 1076,
      "name": "Свински врат без кост",
      "store": "Kaufland",
      "price": 4.08,
      "old_price": null,
      "discount_pct": 0,
      "image_url": null,
      "off_barcode": null,
      "group_id": "g_3c59dc04",
      "match_type": "name_similarity",
      "match_confidence": 0.78,
      "quantity_g": null,
      "quantity_ml": null,
      "price_per_kg": null,
      "price_per_l": null
    },
    {
      "id": 16,
      "name": "Свински врат без кост около 1,5 кг",
      "store": "Kaufland",
      "price": 7.98,
      "old_price": null,
      "discount_pct": 0,
      "image_url": null,
      "off_barcode": null,
      "group_id": null,
      "match_type": null,
      "match_confidence": null,
      "quantity_g": 1500,
      "quantity_ml": null,
      "price_per_kg": 5.32,
      "price_per_l": null
    },
    {
      "id": 2811,
      "name": "Свински врат без кост, маринован | LIDL",
      "store": "Lidl",
      "price": 140.82,
      "old_price": null,
      "discount_pct": 0,
      "image_url": null,
      "off_barcode": null,
      "group_id": null,
      "match_type": null,
      "match_confidence": null,
      "quantity_g": null,
      "quantity_ml": null,
      "price_per_kg": null,
      "price_per_l": null
    },
    {
      "id": 5768,
      "name": "Свински врат с кост XXL",
      "store": "Lidl",
      "price": 3.79,
      "old_price": null,
      "discount_pct": 0,
      "image_url": null,
      "off_barcode": null,
      "group_id": "g_3c59dc04",
      "match_type": "name_similarity",
      "match_confidence": 0.78,
      "quantity_g": null,
      "quantity_ml": null,
      "price_per_kg": null,
      "price_per_l": null
    },
    {
      "id": 1043,
      "name": "Свински гърди",
      "store": "Kaufland",
      "price": 4.08,
      "old_price": null,
      "discount_pct": 0,
      "image_url": null,
      "off_barcode": null,
      "group_id": null,
      "match_type": null,
      "match_confidence": null,
      "quantity_g": null,
      "quantity_ml": null,
      "price_per_kg": null,
      "price_per_l": null
    },
    {
      "id": 4283,
      "name": "Свински гърди от свежата витрина",
      "store": "Kaufland",
      "price": 7.98,
      "old_price": null,
      "discount_pct": 0,
      "image_url": null,
      "off_barcode": null,
      "group_id": null,
      "match_type": null,
      "match_confidence": null,
      "quantity_g": null,
      "quantity_ml": null,
      "price_per_kg": null,
      "price_per_l": null
    },
    {
      "id": 3817,
      "name": "Сгъваема кофа 10 л",
      "store": "Kaufland",
      "price": 5.98,
      "old_price": null,
      "discount_pct": 0,
      "image_url": null,
      "off_barcode": null,
      "group_id": null,
      "match_type": null,
      "match_confidence": null,
      "quantity_g": null,
      "quantity_ml": 10000,
      "price_per_kg": null,
      "price_per_l": 0.6
    },
    {
      "id": 707,
      "name": "Сега в Billa - Bon Via Flora Каланхое саксия Ф12 1 бр.** Продукт, маркиран със синя звезда",
      "store": "Billa",
      "price": 2.55,
      "old_price": null,
      "discount_pct": 0,
      "image_url": null,
      "off_barcode": null,
      "group_id": null,
      "match_type": null,
      "match_confidence": null,
      "quantity_g": null,
      "quantity_ml": null,
      "price_per_kg": null,
      "price_per_l": null
    },
    {
      "id": 697,
      "name": "Сега в Billa - Bon Via Flora Лалета 15 бр.Букет Валидно от 13.02. до 14.02.2026 г.* Продукт, маркира",
      "store": "Billa",
      "price": 5.59,
      "old_price": null,
      "discount_pct": 0,
      "image_url": null,
      "off_barcode": null,
      "group_id": null,
      "match_type": null,
      "match_confidence": null,
      "quantity_g": 2,
      "quantity_ml": null,
      "price_per_kg": 2537.91,
      "price_per_l": null
    },
    {
      "id": 695,
      "name": "Сега в Billa - Bon Via Flora Лалета 7 бр.Букет Валидно от 13.02. до 14.02.2026 г.* Продукт, маркиран",
      "store": "Billa",
      "price": 2.99,
      "old_price": null,
      "discount_pct": 0,
      "image_url": null,
      "off_barcode": null,
      "group_id": null,
      "match_type": null,
      "match_confidence": null,
      "quantity_g": 2,
      "quantity_ml": null,
      "price_per_kg": 1357.49,
      "price_per_l": null
    },
    {
      "id": 702,
      "name": "Сега в Billa - Bon Via Flora Орхидея Фаленопсис с 1 разклонение саксия Ф12 1 бр.** Продукт, маркиран",
      "store": "Billa",
      "price": 6.59,
      "old_price": null,
      "discount_pct": 0,
      "image_url": null,
      "off_barcode": null,
      "group_id": null,
      "match_type": null,
      "match_confidence": null,
      "quantity_g": null,
      "quantity_ml": null,
      "price_per_kg": null,
      "price_per_l": null
    },
    {
      "id": 699,
      "name": "Сега в Billa - Bon Via Flora Рози 7 бр.Букет Валидно от 13.02. до 14.02.2026 г.* Продукт, маркиран с",
      "store": "Billa",
      "price": 2.55,
      "old_price": null,
      "discount_pct": 0,
      "image_url": null,
      "off_barcode": null,
      "group_id": null,
      "match_type": null,
      "match_confidence": null,
      "quantity_g": 2,
      "quantity_ml": null,
      "price_per_kg": 1157.72,
      "price_per_l": null
    },
    {
      "id": 705,
      "name": "Сега в Billa - Bon Via Flora Рози саксия Ф12 1 бр.** Продукт, маркиран със синя звезда",
      "store": "Billa",
      "price": 2.55,
      "old_price": null,
      "discount_pct": 0,
      "image_url": null,
      "off_barcode": null,
      "group_id": null,
      "match_type": null,
      "match_confidence": null,
      "quantity_g": null,
      "quantity_ml": null,
      "price_per_kg": null,
      "price_per_l": null
    },
    {
      "id": 805,
      "name": "Сега в Billa - Marlenka Медени топчета малина 235 г - Ново в Billa",
      "store": "Billa",
      "price": 6.85,
      "old_price": null,
      "discount_pct": 0,
      "image_url": null,
      "off_barcode": null,
      "group_id": null,
      "match_type": null,
      "match_confidence": null,
      "quantity_g": 235,
      "quantity_ml": null,
      "price_per_kg": 29.15,
      "price_per_l": null
    },
    {
      "id": 678,
      "name": "Сега в Billa - Savex Premium Гел за пране 112 пранета или Капсули за пране 72 бр. 1 опаковка Произхо",
      "store": "Billa",
      "price": 15.33,
      "old_price": null,
      "discount_pct": 0,
      "image_url": null,
      "off_barcode": null,
      "group_id": null,
      "match_type": null,
      "match_confidence": null,
      "quantity_g": null,
      "quantity_ml": null,
      "price_per_kg": null,
      "price_per_l": null
    },
    {
      "id": 894,
      "name": "Сега в Billa - Scrub Daddy или Scrub Mommy Домакинска гъба1 бр. Продукт, маркиран със синя звезда",
      "store": "Billa",
      "price": 3.32,
      "old_price": null,
      "discount_pct": 0,
      "image_url": null,
      "off_barcode": null,
      "group_id": null,
      "match_type": null,
      "match_confidence": null,
      "quantity_g": null,
      "quantity_ml": null,
      "price_per_kg": null,
      "price_per_l": null
    },
    {
      "id": 680,
      "name": "Сега в Billa - Semana Омекотител 100 пранета Произход - България Продукт, маркиран със синя звезда 1",
      "store": "Billa",
      "price": 4.59,
      "old_price": null,
      "discount_pct": 0,
      "image_url": null,
      "off_barcode": null,
      "group_id": null,
      "match_type": null,
      "match_confidence": null,
      "quantity_g": null,
      "quantity_ml": null,
      "price_per_kg": null,
      "price_per_l": null
    },
    {
      "id": 885,
      "name": "Сега в Billa - Spontex Домакински гъби без канал 10 броя в опаковка Продукт, маркиран със синя звезд",
      "store": "Billa",
      "price": 1.78,
      "old_price": null,
      "discount_pct": 0,
      "image_url": null,
      "off_barcode": null,
      "group_id": null,
      "match_type": null,
      "match_confidence": null,
      "quantity_g": null,
      "quantity_ml": null,
      "price_per_kg": null,
      "price_per_l": null
    },
    {
      "id": 882,
      "name": "Сега в Billa - Spontex Домакински гъби на вълни, 12 броя в опаковка Продукт, маркиран със синя звезд",
      "store": "Billa",
      "price": 7.15,
      "old_price": null,
      "discount_pct": 0,
      "image_url": null,
      "off_barcode": null,
      "group_id": null,
      "match_type": null,
      "match_confidence": null,
      "quantity_g": null,
      "quantity_ml": null,
      "price_per_kg": null,
      "price_per_l": null
    },
    {
      "id": 883,
      "name": "Сега в Billa - Spontex Домакински гъби с канал, 16 броя в опаковка Продукт, маркиран със синя звезда",
      "store": "Billa",
      "price": 6.13,
      "old_price": null,
      "discount_pct": 0,
      "image_url": null,
      "off_barcode": null,
      "group_id": null,
      "match_type": null,
      "match_confidence": null,
      "quantity_g": null,
      "quantity_ml": null,
      "price_per_kg": null,
      "price_per_l": null
    },
    {
      "id": 878,
      "name": "Сега в Billa - Spontex Домакински гъби, порести, 10 броя в опаковка Продукт, маркиран със синя звезд",
      "store": "Billa",
      "price": 7.15,
      "old_price": null,
      "discount_pct": 0,
      "image_url": null,
      "off_barcode": null,
      "group_id": null,
      "match_type": null,
      "match_confidence": null,
      "quantity_g": null,
      "quantity_ml": null,
      "price_per_kg": null,
      "price_per_l": null
    },
    {
      "id": 879,
      "name": "Сега в Billa - Spontex Еднократни ръкавици за почистване 2 х 100 бр. в опаковка, размер 7 Продукт, м",
      "store": "Billa",
      "price": 15.33,
      "old_price": null,
      "discount_pct": 0,
      "image_url": null,
      "off_barcode": null,
      "group_id": null,
      "match_type": null,
      "match_confidence": null,
      "quantity_g": null,
      "quantity_ml": null,
      "price_per_kg": null,
      "price_per_l": null
    },
    {
      "id": 880,
      "name": "Сега в Billa - Spontex Микрофибърни кърпи за почистване,16 броя в опаковка Продукт, маркиран със син",
      "store": "Billa",
      "price": 7.66,
      "old_price": null,
      "discount_pct": 0,
      "image_url": null,
      "off_barcode": null,
      "group_id": null,
      "match_type": null,
      "match_confidence": null,
      "quantity_g": null,
      "quantity_ml": null,
      "price_per_kg": null,
      "price_per_l": null
    },
    {
      "id": 889,
      "name": "Сега в Billa - Vivess Дозатор за сапун или веро с поставка за гъби - 24 х 17.8 х 10 cm Продукт, марк",
      "store": "Billa",
      "price": 6.13,
      "old_price": null,
      "discount_pct": 0,
      "image_url": null,
      "off_barcode": null,
      "group_id": null,
      "match_type": null,
      "match_confidence": null,
      "quantity_g": null,
      "quantity_ml": null,
      "price_per_kg": null,
      "price_per_l": null
    },
    {
      "id": 896,
      "name": "Сега в Billa - Vivess Кошница за съхранение L - 45 см, 1 бр. Продукт, маркиран със синя звезда",
      "store": "Billa",
      "price": 8.69,
      "old_price": null,
      "discount_pct": 0,
      "image_url": null,
      "off_barcode": null,
      "group_id": null,
      "match_type": null,
      "match_confidence": null,
      "quantity_g": null,
      "quantity_ml": null,
      "price_per_kg": null,
      "price_per_l": null
    },
    {
      "id": 895,
      "name": "Сега в Billa - Vivess Кошница за съхранение М - 30 см, 1 бр. Продукт, маркиран със синя звезда",
      "store": "Billa",
      "price": 6.13,
      "old_price": null,
      "discount_pct": 0,
      "image_url": null,
      "off_barcode": null,
      "group_id": null,
      "match_type": null,
      "match_confidence": null,
      "quantity_g": null,
      "quantity_ml": null,
      "price_per_kg": null,
      "price_per_l": null
    },
    {
      "id": 887,
      "name": "Сега в Billa - Vivess Кошче за отпадъци 5 л 1 бр. Продукт, маркиран със синя звезда",
      "store": "Billa",
      "price": 6.13,
      "old_price": null,
      "discount_pct": 0,
      "image_url": null,
      "off_barcode": null,
      "group_id": null,
      "match_type": null,
      "match_confidence": null,
      "quantity_g": null,
      "quantity_ml": 5000,
      "price_per_kg": null,
      "price_per_l": 1.23
    },
    {
      "id": 864,
      "name": "Сега в Billa - Wet Hankies Антибактериални мокри кърпи 2 + 2 бр. Продукт, маркиран със синя звезда",
      "store": "Billa",
      "price": 1.32,
      "old_price": null,
      "discount_pct": 0,
      "image_url": null,
      "off_barcode": null,
      "group_id": null,
      "match_type": null,
      "match_confidence": null,
      "quantity_g": null,
      "quantity_ml": null,
      "price_per_kg": null,
      "price_per_l": null
    },
    {
      "id": 674,
      "name": "Сега в Billa - William Peel Уиски 1,5 л Продукт, маркиран със синя звезда",
      "store": "Billa",
      "price": 12.77,
      "old_price": null,
      "discount_pct": 0,
      "image_url": null,
      "off_barcode": null,
      "group_id": null,
      "match_type": null,
      "match_confidence": null,
      "quantity_g": null,
      "quantity_ml": 1500,
      "price_per_kg": null,
      "price_per_l": 8.51
    },
    {
      "id": 700,
      "name": "Сега в Billa - Букет \"Свети Валентин\" Валидно от 13.02. до 14.02.2026 г.* Продукт, маркиран със синя",
      "store": "Billa",
      "price": 10.49,
      "old_price": null,
      "discount_pct": 0,
      "image_url": null,
      "off_barcode": null,
      "group_id": null,
      "match_type": null,
      "match_confidence": null,
      "quantity_g": 2,
      "quantity_ml": null,
      "price_per_kg": 4762.55,
      "price_per_l": null
    },
    {
      "id": 698,
      "name": "Сега в Billa - Букет за любимата Валидно от 13.02. до 14.02.2026 г.* Продукт, маркиран със синя звез",
      "store": "Billa",
      "price": 4.99,
      "old_price": null,
      "discount_pct": 0,
      "image_url": null,
      "off_barcode": null,
      "group_id": null,
      "match_type": null,
      "match_confidence": null,
      "quantity_g": 2,
      "quantity_ml": null,
      "price_per_kg": 2265.5,
      "price_per_l": null
    },
    {
      "id": 696,
      "name": "Сега в Billa - Букет рози с лилиум Валидно от 13.02. до 14.02.2026 г.* Продукт, маркиран със синя зв",
      "store": "Billa",
      "price": 8.99,
      "old_price": null,
      "discount_pct": 0,
      "image_url": null,
      "off_barcode": null,
      "group_id": null,
      "match_type": null,
      "match_confidence": null,
      "quantity_g": 2,
      "quantity_ml": null,
      "price_per_kg": 4081.54,
      "price_per_l": null
    },
    {
      "id": 709,
      "name": "Сега в Billa - Зюмбюл в подаръчка опаковка Ф7 1 бр.** Продукт, маркиран със синя звезда",
      "store": "Billa",
      "price": 1.59,
      "old_price": null,
      "discount_pct": 0,
      "image_url": null,
      "off_barcode": null,
      "group_id": null,
      "match_type": null,
      "match_confidence": null,
      "quantity_g": null,
      "quantity_ml": null,
      "price_per_kg": null,
      "price_per_l": null
    },
    {
      "id": 897,
      "name": "Сега в Billa - Изтривалка 40 х 60 см, различни цветове, 1 бр. Продукт, маркиран със синя звезда",
      "store": "Billa",
      "price": 3.57,
      "old_price": null,
      "discount_pct": 0,
      "image_url": null,
      "off_barcode": null,
      "group_id": null,
      "match_type": null,
      "match_confidence": null,
      "quantity_g": null,
      "quantity_ml": null,
      "price_per_kg": null,
      "price_per_l": null
    },
    {
      "id": 703,
      "name": "Сега в Billa - Кала саксия Ф12 1 бр.** Продукт, маркиран със синя звезда",
      "store": "Billa",
      "price": 6.99,
      "old_price": null,
      "discount_pct": 0,
      "image_url": null,
      "off_barcode": null,
      "group_id": null,
      "match_type": null,
      "match_confidence": null,
      "quantity_g": null,
      "quantity_ml": null,
      "price_per_kg": null,
      "price_per_l": null
    },
    {
      "id": 704,
      "name": "Сега в Billa - Орхидея Фаленопсис в керамика саксия Ф6 1 бр.** Продукт, маркиран със синя звезда",
      "store": "Billa",
      "price": 6.99,
      "old_price": null,
      "discount_pct": 0,
      "image_url": null,
      "off_barcode": null,
      "group_id": null,
      "match_type": null,
      "match_confidence": null,
      "quantity_g": null,
      "quantity_ml": null,
      "price_per_kg": null,
      "price_per_l": null
    },
    {
      "id": 715,
      "name": "Сега в Billa - Охладен заек За 1 кг Продукт, маркиран със синя звезда",
      "store": "Billa",
      "price": 7.66,
      "old_price": null,
      "discount_pct": 0,
      "image_url": null,
      "off_barcode": null,
      "group_id": null,
      "match_type": null,
      "match_confidence": null,
      "quantity_g": 1000,
      "quantity_ml": null,
      "price_per_kg": 7.66,
      "price_per_l": null
    },
    {
      "id": 708,
      "name": "Сега в Billa - Примула саксия Ф11 1 бр.** Продукт, маркиран със синя звезда",
      "store": "Billa",
      "price": 1.99,
      "old_price": null,
      "discount_pct": 0,
      "image_url": null,
      "off_barcode": null,
      "group_id": null,
      "match_type": null,
      "match_confidence": null,
      "quantity_g": null,
      "quantity_ml": null,
      "price_per_kg": null,
      "price_per_l": null
    },
    {
      "id": 701,
      "name": "Сега в Billa - Роза брой 50 см Валидно от 13.02. до 14.02.2026 г.* Продукт, маркиран със синя звезда",
      "store": "Billa",
      "price": 1.29,
      "old_price": null,
      "discount_pct": 0,
      "image_url": null,
      "off_barcode": null,
      "group_id": null,
      "match_type": null,
      "match_confidence": null,
      "quantity_g": 2,
      "quantity_ml": null,
      "price_per_kg": 585.67,
      "price_per_l": null
    },
    {
      "id": 881,
      "name": "Сега в Billa - Сгъваем леген 24 л, различни цветове, 1 бр. Продукт, маркиран със синя звезда",
      "store": "Billa",
      "price": 5.11,
      "old_price": null,
      "discount_pct": 0,
      "image_url": null,
      "off_barcode": null,
      "group_id": null,
      "match_type": null,
      "match_confidence": null,
      "quantity_g": null,
      "quantity_ml": 24000,
      "price_per_kg": null,
      "price_per_l": 0.21
    },
    {
      "id": 888,
      "name": "Сега в Billa - Сгъваем сушилник за съдове, 7,5 л, 1 бр. Продукт, маркиран със синя звезда",
      "store": "Billa",
      "price": 5.11,
      "old_price": null,
      "discount_pct": 0,
      "image_url": null,
      "off_barcode": null,
      "group_id": null,
      "match_type": null,
      "match_confidence": null,
      "quantity_g": null,
      "quantity_ml": 7500,
      "price_per_kg": null,
      "price_per_l": 0.68
    },
    {
      "id": 886,
      "name": "Сега в Billa - Сгъваема кофа 10 л, различни цветове, 1 бр. Продукт, маркиран със синя звезда",
      "store": "Billa",
      "price": 4.09,
      "old_price": null,
      "discount_pct": 0,
      "image_url": null,
      "off_barcode": null,
      "group_id": null,
      "match_type": null,
      "match_confidence": null,
      "quantity_g": null,
      "quantity_ml": 10000,
      "price_per_kg": null,
      "price_per_l": 0.41
    },
    {
      "id": 884,
      "name": "Сега в Billa - Сгъваема мивка 9,6 л, различни цветов, 1 бр. Продукт, маркиран със синя звезда",
      "store": "Billa",
      "price": 5.11,
      "old_price": null,
      "discount_pct": 0,
      "image_url": null,
      "off_barcode": null,
      "group_id": null,
      "match_type": null,
      "match_confidence": null,
      "quantity_g": null,
      "quantity_ml": 9600,
      "price_per_kg": null,
      "price_per_l": 0.53
    },
    {
      "id": 706,
      "name": "Сега в Billa - Хризантема саксия Ф12 1 бр.** Продукт, маркиран със синя звезда",
      "store": "Billa",
      "price": 2.55,
      "old_price": null,
      "discount_pct": 0,
      "image_url": null,
      "off_barcode": null,
      "group_id": null,
      "match_type": null,
      "match_confidence": null,
      "quantity_g": null,
      "quantity_ml": null,
      "price_per_kg": null,
      "price_per_l": null
    },
    {
      "id": 898,
      "name": "Сега в Billa -Vivess Кошница за съхранение S - 20 см, 1 бр. Продукт, маркиран със синя звезда",
      "store": "Billa",
      "price": 4.09,
      "old_price": null,
      "discount_pct": 0,
      "image_url": null,
      "off_barcode": null,
      "group_id": null,
      "match_type": null,
      "match_confidence": null,
      "quantity_g": null,
      "quantity_ml": null,
      "price_per_kg": null,
      "price_per_l": null
    },
    {
      "id": 2700,
      "name": "Селски хляб | LIDL",
      "store": "Lidl",
      "price": 1.17,
      "old_price": null,
      "discount_pct": 0,
      "image_url": null,
      "off_barcode": null,
      "group_id": null,
      "match_type": null,
      "match_confidence": null,
      "quantity_g": null,
      "quantity_ml": null,
      "price_per_kg": null,
      "price_per_l": null
    },
    {
      "id": 4829,
      "name": "Селско хлебче",
      "store": "Lidl",
      "price": 127.13,
      "old_price": null,
      "discount_pct": 0,
      "image_url": null,
      "off_barcode": null,
      "group_id": null,
      "match_type": null,
      "match_confidence": null,
      "quantity_g": null,
      "quantity_ml": null,
      "price_per_kg": null,
      "price_per_l": null
    },
    {
      "id": 2732,
      "name": "Селско хлебче | LIDL",
      "store": "Lidl",
      "price": 121.26,
      "old_price": null,
      "discount_pct": 0,
      "image_url": null,
      "off_barcode": null,
      "group_id": null,
      "match_type": null,
      "match_confidence": null,
      "quantity_g": null,
      "quantity_ml": null,
      "price_per_kg": null,
      "price_per_l": null
    },
    {
      "id": 4249,
      "name": "Сентполия Ø12 см",
      "store": "Kaufland",
      "price": 6.49,
      "old_price": null,
      "discount_pct": 0,
      "image_url": null,
      "off_barcode": null,
      "group_id": null,
      "match_type": null,
      "match_confidence": null,
      "quantity_g": null,
      "quantity_ml": null,
      "price_per_kg": null,
      "price_per_l": null
    },
    {
      "id": 1485,
      "name": "Синя орхидея Фаленопсис",
      "store": "Kaufland",
      "price": 15.33,
      "old_price": null,
      "discount_pct": 0,
      "image_url": null,
      "off_barcode": null,
      "group_id": null,
      "match_type": null,
      "match_confidence": null,
      "quantity_g": null,
      "quantity_ml": null,
      "price_per_kg": null,
      "price_per_l": null
    },
    {
      "id": 567,
      "name": "Синя орхидея Фаленопсис в керамична кашпа",
      "store": "Kaufland",
      "price": 29.98,
      "old_price": null,
      "discount_pct": 0,
      "image_url": null,
      "off_barcode": null,
      "group_id": null,
      "match_type": null,
      "match_confidence": null,
      "quantity_g": null,
      "quantity_ml": null,
      "price_per_kg": null,
      "price_per_l": null
    },
    {
      "id": 2735,
      "name": "Система за бръснене | LIDL",
      "store": "Lidl",
      "price": 146.69,
      "old_price": null,
      "discount_pct": 0,
      "image_url": null,
      "off_barcode": null,
      "group_id": null,
      "match_type": null,
      "match_confidence": null,
      "quantity_g": null,
      "quantity_ml": null,
      "price_per_kg": null,
      "price_per_l": null
    },
    {
      "id": 3061,
      "name": "Скумрия | LIDL",
      "store": "Lidl",
      "price": 142.77,
      "old_price": null,
      "discount_pct": 0,
      "image_url": null,
      "off_barcode": null,
      "group_id": null,
      "match_type": null,
      "match_confidence": null,
      "quantity_g": null,
      "quantity_ml": null,
      "price_per_kg": null,
      "price_per_l": null
    },
    {
      "id": 5872,
      "name": "Сладки с късмети",
      "store": "Lidl",
      "price": 1.78,
      "old_price": null,
      "discount_pct": 0,
      "image_url": null,
      "off_barcode": null,
      "group_id": null,
      "match_type": null,
      "match_confidence": null,
      "quantity_g": null,
      "quantity_ml": null,
      "price_per_kg": null,
      "price_per_l": null
    },
    {
      "id": 2831,
      "name": "Сладкиш от ронливо тесто | LIDL",
      "store": "Lidl",
      "price": 1.19,
      "old_price": null,
      "discount_pct": 0,
      "image_url": null,
      "off_barcode": null,
      "group_id": null,
      "match_type": null,
      "match_confidence": null,
      "quantity_g": null,
      "quantity_ml": null,
      "price_per_kg": null,
      "price_per_l": null
    },
    {
      "id": 3148,
      "name": "Сладкиш по немска рецепта със сини сливи | LIDL",
      "store": "Lidl",
      "price": 1.19,
      "old_price": null,
      "discount_pct": 0,
      "image_url": null,
      "off_barcode": null,
      "group_id": null,
      "match_type": null,
      "match_confidence": null,
      "quantity_g": null,
      "quantity_ml": null,
      "price_per_kg": null,
      "price_per_l": null
    },
    {
      "id": 1165,
      "name": "Сладкиш сърце",
      "store": "Kaufland",
      "price": 0.81,
      "old_price": null,
      "discount_pct": 0,
      "image_url": null,
      "off_barcode": null,
      "group_id": null,
      "match_type": null,
      "match_confidence": null,
      "quantity_g": null,
      "quantity_ml": null,
      "price_per_kg": null,
      "price_per_l": null
    },
    {
      "id": 247,
      "name": "Сладкиш сърце с ягоди",
      "store": "Kaufland",
      "price": 1.58,
      "old_price": null,
      "discount_pct": 0,
      "image_url": null,
      "off_barcode": null,
      "group_id": null,
      "match_type": null,
      "match_confidence": null,
      "quantity_g": null,
      "quantity_ml": null,
      "price_per_kg": null,
      "price_per_l": null
    },
    {
      "id": 2783,
      "name": "Сладко руло | LIDL",
      "store": "Lidl",
      "price": 1.19,
      "old_price": null,
      "discount_pct": 0,
      "image_url": null,
      "off_barcode": null,
      "group_id": null,
      "match_type": null,
      "match_confidence": null,
      "quantity_g": null,
      "quantity_ml": null,
      "price_per_kg": null,
      "price_per_l": null
    },
    {
      "id": 5919,
      "name": "Сладолед с екзотичен вкус",
      "store": "Lidl",
      "price": 2.7,
      "old_price": null,
      "discount_pct": 0,
      "image_url": null,
      "off_barcode": null,
      "group_id": null,
      "match_type": null,
      "match_confidence": null,
      "quantity_g": null,
      "quantity_ml": null,
      "price_per_kg": null,
      "price_per_l": null
    },
    {
      "id": 5910,
      "name": "Смес за гофрети",
      "store": "Lidl",
      "price": 1.49,
      "old_price": null,
      "discount_pct": 0,
      "image_url": null,
      "off_barcode": null,
      "group_id": null,
      "match_type": null,
      "match_confidence": null,
      "quantity_g": null,
      "quantity_ml": null,
      "price_per_kg": null,
      "price_per_l": null
    },
    {
      "id": 6050,
      "name": "Спортен панталон",
      "store": "Lidl",
      "price": 5.11,
      "old_price": null,
      "discount_pct": 0,
      "image_url": null,
      "off_barcode": null,
      "group_id": null,
      "match_type": null,
      "match_confidence": null,
      "quantity_g": null,
      "quantity_ml": null,
      "price_per_kg": null,
      "price_per_l": null
    },
    {
      "id": 4862,
      "name": "Средиземноморска фокача",
      "store": "Lidl",
      "price": 117.35,
      "old_price": null,
      "discount_pct": 0,
      "image_url": null,
      "off_barcode": null,
      "group_id": null,
      "match_type": null,
      "match_confidence": null,
      "quantity_g": null,
      "quantity_ml": null,
      "price_per_kg": null,
      "price_per_l": null
    },
    {
      "id": 2717,
      "name": "Средиземноморска фокача | LIDL",
      "store": "Lidl",
      "price": 125.17,
      "old_price": null,
      "discount_pct": 0,
      "image_url": null,
      "off_barcode": null,
      "group_id": null,
      "match_type": null,
      "match_confidence": null,
      "quantity_g": null,
      "quantity_ml": null,
      "price_per_kg": null,
      "price_per_l": null
    },
    {
      "id": 157,
      "name": "Стария ловец Ловджийски бабек",
      "store": "Kaufland",
      "price": 4.99,
      "old_price": null,
      "discount_pct": 0,
      "image_url": null,
      "off_barcode": null,
      "group_id": null,
      "match_type": null,
      "match_confidence": null,
      "quantity_g": null,
      "quantity_ml": null,
      "price_per_kg": null,
      "price_per_l": null
    },
    {
      "id": 5895,
      "name": "Стъклени нудли",
      "store": "Lidl",
      "price": 0.86,
      "old_price": null,
      "discount_pct": 0,
      "image_url": null,
      "off_barcode": null,
      "group_id": null,
      "match_type": null,
      "match_confidence": null,
      "quantity_g": null,
      "quantity_ml": null,
      "price_per_kg": null,
      "price_per_l": null
    },
    {
      "id": 724,
      "name": "Супер цена - Пица с шунка и моцарела От Billa пекарна 220 г Произход - България Billa Ready",
      "store": "Lidl",
      "price": 119.3,
      "old_price": null,
      "discount_pct": 0,
      "image_url": null,
      "off_barcode": null,
      "group_id": null,
      "match_type": null,
      "match_confidence": null,
      "quantity_g": 220,
      "quantity_ml": null,
      "price_per_kg": 542.27,
      "price_per_l": null
    },
    {
      "id": 5873,
      "name": "Сусамово блокче",
      "store": "Lidl",
      "price": 0.49,
      "old_price": null,
      "discount_pct": 0,
      "image_url": null,
      "off_barcode": null,
      "group_id": null,
      "match_type": null,
      "match_confidence": null,
      "quantity_g": null,
      "quantity_ml": null,
      "price_per_kg": null,
      "price_per_l": null
    },
    {
      "id": 2706,
      "name": "Суха храна за котки | LIDL",
      "store": "Lidl",
      "price": 132.99,
      "old_price": null,
      "discount_pct": 0,
      "image_url": null,
      "off_barcode": null,
      "group_id": null,
      "match_type": null,
      "match_confidence": null,
      "quantity_g": null,
      "quantity_ml": null,
      "price_per_kg": null,
      "price_per_l": null
    },
    {
      "id": 3141,
      "name": "Суха храна за кучета | LIDL",
      "store": "Lidl",
      "price": 125.17,
      "old_price": null,
      "discount_pct": 0,
      "image_url": null,
      "off_barcode": null,
      "group_id": null,
      "match_type": null,
      "match_confidence": null,
      "quantity_g": null,
      "quantity_ml": null,
      "price_per_kg": null,
      "price_per_l": null
    },
    {
      "id": 4807,
      "name": "Суха храна кучета",
      "store": "Lidl",
      "price": 132.99,
      "old_price": null,
      "discount_pct": 0,
      "image_url": null,
      "off_barcode": null,
      "group_id": null,
      "match_type": null,
      "match_confidence": null,
      "quantity_g": null,
      "quantity_ml": null,
      "price_per_kg": null,
      "price_per_l": null
    },
    {
      "id": 2728,
      "name": "Суха храна кучета | LIDL",
      "store": "Lidl",
      "price": 132.99,
      "old_price": null,
      "discount_pct": 0,
      "image_url": null,
      "off_barcode": null,
      "group_id": null,
      "match_type": null,
      "match_confidence": null,
      "quantity_g": null,
      "quantity_ml": null,
      "price_per_kg": null,
      "price_per_l": null
    },
    {
      "id": 1080,
      "name": "Сьомгoва пъстърва",
      "store": "Kaufland",
      "price": 17.89,
      "old_price": null,
      "discount_pct": 0,
      "image_url": null,
      "off_barcode": null,
      "group_id": null,
      "match_type": null,
      "match_confidence": null,
      "quantity_g": null,
      "quantity_ml": null,
      "price_per_kg": null,
      "price_per_l": null
    },
    {
      "id": 162,
      "name": "Сьомгoва пъстърва филенца",
      "store": "Kaufland",
      "price": 34.99,
      "old_price": null,
      "discount_pct": 0,
      "image_url": null,
      "off_barcode": null,
      "group_id": null,
      "match_type": null,
      "match_confidence": null,
      "quantity_g": null,
      "quantity_ml": null,
      "price_per_kg": null,
      "price_per_l": null
    },
    {
      "id": 4223,
      "name": "Сьомга филе тип С-трим",
      "store": "Kaufland",
      "price": 29.98,
      "old_price": null,
      "discount_pct": 0,
      "image_url": null,
      "off_barcode": null,
      "group_id": null,
      "match_type": null,
      "match_confidence": null,
      "quantity_g": null,
      "quantity_ml": null,
      "price_per_kg": null,
      "price_per_l": null
    },
    {
      "id": 5929,
      "name": "Телешки кебап",
      "store": "Lidl",
      "price": 8.49,
      "old_price": null,
      "discount_pct": 0,
      "image_url": null,
      "off_barcode": null,
      "group_id": null,
      "match_type": null,
      "match_confidence": null,
      "quantity_g": null,
      "quantity_ml": null,
      "price_per_kg": null,
      "price_per_l": null
    },
    {
      "id": 4864,
      "name": "Течен сапун",
      "store": "Lidl",
      "price": 146.69,
      "old_price": null,
      "discount_pct": 0,
      "image_url": null,
      "off_barcode": null,
      "group_id": null,
      "match_type": null,
      "match_confidence": null,
      "quantity_g": null,
      "quantity_ml": null,
      "price_per_kg": null,
      "price_per_l": null
    },
    {
      "id": 5812,
      "name": "Течен сапун XXL",
      "store": "Lidl",
      "price": 3.06,
      "old_price": null,
      "discount_pct": 0,
      "image_url": null,
      "off_barcode": null,
      "group_id": null,
      "match_type": null,
      "match_confidence": null,
      "quantity_g": null,
      "quantity_ml": null,
      "price_per_kg": null,
      "price_per_l": null
    },
    {
      "id": 2734,
      "name": "Течен сапун | LIDL",
      "store": "Lidl",
      "price": 146.69,
      "old_price": null,
      "discount_pct": 0,
      "image_url": null,
      "off_barcode": null,
      "group_id": null,
      "match_type": null,
      "match_confidence": null,
      "quantity_g": null,
      "quantity_ml": null,
      "price_per_kg": null,
      "price_per_l": null
    },
    {
      "id": 2683,
      "name": "Течен сапун за ръце и тяло | LIDL",
      "store": "Lidl",
      "price": 174.07,
      "old_price": null,
      "discount_pct": 0,
      "image_url": null,
      "off_barcode": null,
      "group_id": null,
      "match_type": null,
      "match_confidence": null,
      "quantity_g": null,
      "quantity_ml": null,
      "price_per_kg": null,
      "price_per_l": null
    },
    {
      "id": 98,
      "name": "Тиландсия в кeрамична кашпа",
      "store": "Kaufland",
      "price": 7.0,
      "old_price": null,
      "discount_pct": 0,
      "image_url": null,
      "off_barcode": null,
      "group_id": null,
      "match_type": null,
      "match_confidence": null,
      "quantity_g": null,
      "quantity_ml": null,
      "price_per_kg": null,
      "price_per_l": null
    },
    {
      "id": 99,
      "name": "Тиландсия в кeрамична кашпа Ø9 см",
      "store": "Kaufland",
      "price": 13.69,
      "old_price": null,
      "discount_pct": 0,
      "image_url": null,
      "off_barcode": null,
      "group_id": null,
      "match_type": null,
      "match_confidence": null,
      "quantity_g": null,
      "quantity_ml": null,
      "price_per_kg": null,
      "price_per_l": null
    },
    {
      "id": 2690,
      "name": "Тоалетна за котки | LIDL",
      "store": "Lidl",
      "price": 125.17,
      "old_price": null,
      "discount_pct": 0,
      "image_url": null,
      "off_barcode": null,
      "group_id": null,
      "match_type": null,
      "match_confidence": null,
      "quantity_g": null,
      "quantity_ml": null,
      "price_per_kg": null,
      "price_per_l": null
    },
    {
      "id": 5823,
      "name": "Тоалетна хартия XXL",
      "store": "Lidl",
      "price": 8.18,
      "old_price": null,
      "discount_pct": 0,
      "image_url": null,
      "off_barcode": null,
      "group_id": null,
      "match_type": null,
      "match_confidence": null,
      "quantity_g": null,
      "quantity_ml": null,
      "price_per_kg": null,
      "price_per_l": null
    },
    {
      "id": 1177,
      "name": "Топаз Мел",
      "store": "Kaufland",
      "price": 2.79,
      "old_price": null,
      "discount_pct": 0,
      "image_url": null,
      "off_barcode": null,
      "group_id": null,
      "match_type": null,
      "match_confidence": null,
      "quantity_g": null,
      "quantity_ml": null,
      "price_per_kg": null,
      "price_per_l": null
    },
    {
      "id": 259,
      "name": "Топаз Мел Брашно\nтип 500",
      "store": "Kaufland",
      "price": 5.46,
      "old_price": null,
      "discount_pct": 0,
      "image_url": null,
      "off_barcode": null,
      "group_id": null,
      "match_type": null,
      "match_confidence": null,
      "quantity_g": null,
      "quantity_ml": null,
      "price_per_kg": null,
      "price_per_l": null
    },
    {
      "id": 5869,
      "name": "Тортила чипс",
      "store": "Lidl",
      "price": 1.32,
      "old_price": null,
      "discount_pct": 0,
      "image_url": null,
      "off_barcode": null,
      "group_id": null,
      "match_type": null,
      "match_confidence": null,
      "quantity_g": null,
      "quantity_ml": null,
      "price_per_kg": null,
      "price_per_l": null
    },
    {
      "id": 5907,
      "name": "Тофу XXL",
      "store": "Lidl",
      "price": 1.53,
      "old_price": null,
      "discount_pct": 0,
      "image_url": null,
      "off_barcode": null,
      "group_id": null,
      "match_type": null,
      "match_confidence": null,
      "quantity_g": null,
      "quantity_ml": null,
      "price_per_kg": null,
      "price_per_l": null
    },
    {
      "id": 1173,
      "name": "Традиция за трапезата",
      "store": "Kaufland",
      "price": 1.45,
      "old_price": null,
      "discount_pct": 0,
      "image_url": null,
      "off_barcode": null,
      "group_id": null,
      "match_type": null,
      "match_confidence": null,
      "quantity_g": null,
      "quantity_ml": null,
      "price_per_kg": null,
      "price_per_l": null
    },
    {
      "id": 255,
      "name": "Традиция за трапезата Сладко жито",
      "store": "Kaufland",
      "price": 2.84,
      "old_price": null,
      "discount_pct": 0,
      "image_url": null,
      "off_barcode": null,
      "group_id": null,
      "match_type": null,
      "match_confidence": null,
      "quantity_g": null,
      "quantity_ml": null,
      "price_per_kg": null,
      "price_per_l": null
    },
    {
      "id": 5899,
      "name": "Тракийски Точени кори",
      "store": "Lidl",
      "price": 1.09,
      "old_price": null,
      "discount_pct": 0,
      "image_url": null,
      "off_barcode": null,
      "group_id": null,
      "match_type": null,
      "match_confidence": null,
      "quantity_g": null,
      "quantity_ml": null,
      "price_per_kg": null,
      "price_per_l": null
    },
    {
      "id": 3115,
      "name": "Тутманик | LIDL",
      "store": "Lidl",
      "price": 119.3,
      "old_price": null,
      "discount_pct": 0,
      "image_url": null,
      "off_barcode": null,
      "group_id": null,
      "match_type": null,
      "match_confidence": null,
      "quantity_g": null,
      "quantity_ml": null,
      "price_per_kg": null,
      "price_per_l": null
    },
    {
      "id": 3056,
      "name": "Тъмна пърленка | LIDL",
      "store": "Lidl",
      "price": 119.3,
      "old_price": null,
      "discount_pct": 0,
      "image_url": null,
      "off_barcode": null,
      "group_id": null,
      "match_type": null,
      "match_confidence": null,
      "quantity_g": null,
      "quantity_ml": null,
      "price_per_kg": null,
      "price_per_l": null
    },
    {
      "id": 2892,
      "name": "Ущипци по сръбски | LIDL",
      "store": "Lidl",
      "price": 125.17,
      "old_price": null,
      "discount_pct": 0,
      "image_url": null,
      "off_barcode": null,
      "group_id": null,
      "match_type": null,
      "match_confidence": null,
      "quantity_g": null,
      "quantity_ml": null,
      "price_per_kg": null,
      "price_per_l": null
    },
    {
      "id": 3145,
      "name": "Факлички от свински гърди | LIDL",
      "store": "Lidl",
      "price": 125.17,
      "old_price": null,
      "discount_pct": 0,
      "image_url": null,
      "off_barcode": null,
      "group_id": null,
      "match_type": null,
      "match_confidence": null,
      "quantity_g": null,
      "quantity_ml": null,
      "price_per_kg": null,
      "price_per_l": null
    },
    {
      "id": 3125,
      "name": "Филе от аржентински хек | LIDL",
      "store": "Lidl",
      "price": 138.86,
      "old_price": null,
      "discount_pct": 0,
      "image_url": null,
      "off_barcode": null,
      "group_id": null,
      "match_type": null,
      "match_confidence": null,
      "quantity_g": null,
      "quantity_ml": null,
      "price_per_kg": null,
      "price_per_l": null
    },
    {
      "id": 2578,
      "name": "Филе от минтай | LIDL",
      "store": "Lidl",
      "price": 142.77,
      "old_price": null,
      "discount_pct": 0,
      "image_url": null,
      "off_barcode": null,
      "group_id": null,
      "match_type": null,
      "match_confidence": null,
      "quantity_g": null,
      "quantity_ml": null,
      "price_per_kg": null,
      "price_per_l": null
    },
    {
      "id": 2660,
      "name": "Филе от прясна пъстърва | LIDL",
      "store": "Lidl",
      "price": 138.86,
      "old_price": null,
      "discount_pct": 0,
      "image_url": null,
      "off_barcode": null,
      "group_id": null,
      "match_type": null,
      "match_confidence": null,
      "quantity_g": null,
      "quantity_ml": null,
      "price_per_kg": null,
      "price_per_l": null
    },
    {
      "id": 2603,
      "name": "Филе от прясна сьомгова пъстърва | LIDL",
      "store": "Lidl",
      "price": 123.22,
      "old_price": null,
      "discount_pct": 0,
      "image_url": null,
      "off_barcode": null,
      "group_id": null,
      "match_type": null,
      "match_confidence": null,
      "quantity_g": null,
      "quantity_ml": null,
      "price_per_kg": null,
      "price_per_l": null
    },
    {
      "id": 2986,
      "name": "Фокача пица | LIDL",
      "store": "Lidl",
      "price": 121.26,
      "old_price": null,
      "discount_pct": 0,
      "image_url": null,
      "off_barcode": null,
      "group_id": null,
      "match_type": null,
      "match_confidence": null,
      "quantity_g": null,
      "quantity_ml": null,
      "price_per_kg": null,
      "price_per_l": null
    },
    {
      "id": 3045,
      "name": "Фокача с маслиново масло и маслини | LIDL",
      "store": "Lidl",
      "price": 119.3,
      "old_price": null,
      "discount_pct": 0,
      "image_url": null,
      "off_barcode": null,
      "group_id": null,
      "match_type": null,
      "match_confidence": null,
      "quantity_g": null,
      "quantity_ml": null,
      "price_per_kg": null,
      "price_per_l": null
    },
    {
      "id": 2998,
      "name": "Френска багета със семена | LIDL",
      "store": "Lidl",
      "price": 125.17,
      "old_price": null,
      "discount_pct": 0,
      "image_url": null,
      "off_barcode": null,
      "group_id": null,
      "match_type": null,
      "match_confidence": null,
      "quantity_g": null,
      "quantity_ml": null,
      "price_per_kg": null,
      "price_per_l": null
    },
    {
      "id": 2899,
      "name": "Френска закуска със стафиди и крем | LIDL",
      "store": "Lidl",
      "price": 127.13,
      "old_price": null,
      "discount_pct": 0,
      "image_url": null,
      "off_barcode": null,
      "group_id": null,
      "match_type": null,
      "match_confidence": null,
      "quantity_g": null,
      "quantity_ml": null,
      "price_per_kg": null,
      "price_per_l": null
    },
    {
      "id": 3040,
      "name": "Френска рустикална багета | LIDL",
      "store": "Lidl",
      "price": 117.35,
      "old_price": null,
      "discount_pct": 0,
      "image_url": null,
      "off_barcode": null,
      "group_id": null,
      "match_type": null,
      "match_confidence": null,
      "quantity_g": null,
      "quantity_ml": null,
      "price_per_kg": null,
      "price_per_l": null
    },
    {
      "id": 5933,
      "name": "Френски фламкухен",
      "store": "Lidl",
      "price": 2.99,
      "old_price": null,
      "discount_pct": 0,
      "image_url": null,
      "off_barcode": null,
      "group_id": null,
      "match_type": null,
      "match_confidence": null,
      "quantity_g": null,
      "quantity_ml": null,
      "price_per_kg": null,
      "price_per_l": null
    },
    {
      "id": 5801,
      "name": "Френско прясно козе сирене",
      "store": "Lidl",
      "price": 3.57,
      "old_price": null,
      "discount_pct": 0,
      "image_url": null,
      "off_barcode": null,
      "group_id": null,
      "match_type": null,
      "match_confidence": null,
      "quantity_g": null,
      "quantity_ml": null,
      "price_per_kg": null,
      "price_per_l": null
    },
    {
      "id": 5802,
      "name": "Френско сирене Мюнстер",
      "store": "Lidl",
      "price": 2.55,
      "old_price": null,
      "discount_pct": 0,
      "image_url": null,
      "off_barcode": null,
      "group_id": null,
      "match_type": null,
      "match_confidence": null,
      "quantity_g": null,
      "quantity_ml": null,
      "price_per_kg": null,
      "price_per_l": null
    },
    {
      "id": 5798,
      "name": "Френско сирене бри",
      "store": "Lidl",
      "price": 5.36,
      "old_price": null,
      "discount_pct": 0,
      "image_url": null,
      "off_barcode": null,
      "group_id": null,
      "match_type": null,
      "match_confidence": null,
      "quantity_g": null,
      "quantity_ml": null,
      "price_per_kg": null,
      "price_per_l": null
    },
    {
      "id": 5797,
      "name": "Френско сирене камембер",
      "store": "Lidl",
      "price": 2.8,
      "old_price": null,
      "discount_pct": 0,
      "image_url": null,
      "off_barcode": null,
      "group_id": null,
      "match_type": null,
      "match_confidence": null,
      "quantity_g": null,
      "quantity_ml": null,
      "price_per_kg": null,
      "price_per_l": null
    },
    {
      "id": 3100,
      "name": "Футболен донът | LIDL",
      "store": "Lidl",
      "price": 117.35,
      "old_price": null,
      "discount_pct": 0,
      "image_url": null,
      "off_barcode": null,
      "group_id": null,
      "match_type": null,
      "match_confidence": null,
      "quantity_g": null,
      "quantity_ml": null,
      "price_per_kg": null,
      "price_per_l": null
    },
    {
      "id": 1126,
      "name": "ХАПНИ",
      "store": "Kaufland",
      "price": 2.55,
      "old_price": null,
      "discount_pct": 0,
      "image_url": null,
      "off_barcode": null,
      "group_id": null,
      "match_type": null,
      "match_confidence": null,
      "quantity_g": null,
      "quantity_ml": null,
      "price_per_kg": null,
      "price_per_l": null
    },
    {
      "id": 208,
      "name": "ХАПНИ Руска салата",
      "store": "Kaufland",
      "price": 4.99,
      "old_price": null,
      "discount_pct": 0,
      "image_url": null,
      "off_barcode": null,
      "group_id": null,
      "match_type": null,
      "match_confidence": null,
      "quantity_g": null,
      "quantity_ml": null,
      "price_per_kg": null,
      "price_per_l": null
    },
    {
      "id": 207,
      "name": "ХАПНИ Салата\nСнежанка или Руска",
      "store": "Kaufland",
      "price": 4.99,
      "old_price": null,
      "discount_pct": 0,
      "image_url": null,
      "off_barcode": null,
      "group_id": null,
      "match_type": null,
      "match_confidence": null,
      "quantity_g": null,
      "quantity_ml": null,
      "price_per_kg": null,
      "price_per_l": null
    },
    {
      "id": 4252,
      "name": "Хамедорея Ø6 см",
      "store": "Kaufland",
      "price": 3.89,
      "old_price": null,
      "discount_pct": 0,
      "image_url": null,
      "off_barcode": null,
      "group_id": null,
      "match_type": null,
      "match_confidence": null,
      "quantity_g": null,
      "quantity_ml": null,
      "price_per_kg": null,
      "price_per_l": null
    },
    {
      "id": 4836,
      "name": "Хидратиращ крем за лице",
      "store": "Lidl",
      "price": 146.69,
      "old_price": null,
      "discount_pct": 0,
      "image_url": null,
      "off_barcode": null,
      "group_id": null,
      "match_type": null,
      "match_confidence": null,
      "quantity_g": null,
      "quantity_ml": null,
      "price_per_kg": null,
      "price_per_l": null
    },
    {
      "id": 2947,
      "name": "Хидратиращ крем за лице | LIDL",
      "store": "Lidl",
      "price": 144.73,
      "old_price": null,
      "discount_pct": 0,
      "image_url": null,
      "off_barcode": null,
      "group_id": null,
      "match_type": null,
      "match_confidence": null,
      "quantity_g": null,
      "quantity_ml": null,
      "price_per_kg": null,
      "price_per_l": null
    },
    {
      "id": 3139,
      "name": "Хидратиращ крем с хиалурон | LIDL",
      "store": "Lidl",
      "price": 177.98,
      "old_price": null,
      "discount_pct": 0,
      "image_url": null,
      "off_barcode": null,
      "group_id": null,
      "match_type": null,
      "match_confidence": null,
      "quantity_g": null,
      "quantity_ml": null,
      "price_per_kg": null,
      "price_per_l": null
    },
    {
      "id": 2953,
      "name": "Хидратиращо мляко за тяло | LIDL",
      "store": "Lidl",
      "price": 177.98,
      "old_price": null,
      "discount_pct": 0,
      "image_url": null,
      "off_barcode": null,
      "group_id": null,
      "match_type": null,
      "match_confidence": null,
      "quantity_g": null,
      "quantity_ml": null,
      "price_per_kg": null,
      "price_per_l": null
    },
    {
      "id": 2909,
      "name": "Хлебче по немска рецепта | LIDL",
      "store": "Lidl",
      "price": 119.3,
      "old_price": null,
      "discount_pct": 0,
      "image_url": null,
      "off_barcode": null,
      "group_id": null,
      "match_type": null,
      "match_confidence": null,
      "quantity_g": null,
      "quantity_ml": null,
      "price_per_kg": null,
      "price_per_l": null
    },
    {
      "id": 2924,
      "name": "Хлебче с мак | LIDL",
      "store": "Lidl",
      "price": 117.35,
      "old_price": null,
      "discount_pct": 0,
      "image_url": null,
      "off_barcode": null,
      "group_id": null,
      "match_type": null,
      "match_confidence": null,
      "quantity_g": null,
      "quantity_ml": null,
      "price_per_kg": null,
      "price_per_l": null
    },
    {
      "id": 4835,
      "name": "Хлебче с маслини",
      "store": "Lidl",
      "price": 121.26,
      "old_price": null,
      "discount_pct": 0,
      "image_url": null,
      "off_barcode": null,
      "group_id": null,
      "match_type": null,
      "match_confidence": null,
      "quantity_g": null,
      "quantity_ml": null,
      "price_per_kg": null,
      "price_per_l": null
    },
    {
      "id": 2695,
      "name": "Хлебче с маслини | LIDL",
      "store": "Lidl",
      "price": 117.35,
      "old_price": null,
      "discount_pct": 0,
      "image_url": null,
      "off_barcode": null,
      "group_id": null,
      "match_type": null,
      "match_confidence": null,
      "quantity_g": null,
      "quantity_ml": null,
      "price_per_kg": null,
      "price_per_l": null
    },
    {
      "id": 2740,
      "name": "Хлебче със семена на пещ | LIDL",
      "store": "Lidl",
      "price": 119.3,
      "old_price": null,
      "discount_pct": 0,
      "image_url": null,
      "off_barcode": null,
      "group_id": null,
      "match_type": null,
      "match_confidence": null,
      "quantity_g": null,
      "quantity_ml": null,
      "price_per_kg": null,
      "price_per_l": null
    },
    {
      "id": 4755,
      "name": "Хляб Сомун",
      "store": "Lidl",
      "price": 1.19,
      "old_price": null,
      "discount_pct": 0,
      "image_url": null,
      "off_barcode": null,
      "group_id": null,
      "match_type": null,
      "match_confidence": null,
      "quantity_g": null,
      "quantity_ml": null,
      "price_per_kg": null,
      "price_per_l": null
    },
    {
      "id": 2746,
      "name": "Хляб Сомун | LIDL",
      "store": "Lidl",
      "price": 1.17,
      "old_price": null,
      "discount_pct": 0,
      "image_url": null,
      "off_barcode": null,
      "group_id": null,
      "match_type": null,
      "match_confidence": null,
      "quantity_g": null,
      "quantity_ml": null,
      "price_per_kg": null,
      "price_per_l": null
    },
    {
      "id": 3112,
      "name": "Хляб по Андалусийска рецепта | LIDL",
      "store": "Lidl",
      "price": 1.19,
      "old_price": null,
      "discount_pct": 0,
      "image_url": null,
      "off_barcode": null,
      "group_id": null,
      "match_type": null,
      "match_confidence": null,
      "quantity_g": null,
      "quantity_ml": null,
      "price_per_kg": null,
      "price_per_l": null
    },
    {
      "id": 3070,
      "name": "Хляб по италианска рецепта | LIDL",
      "store": "Lidl",
      "price": 1.17,
      "old_price": null,
      "discount_pct": 0,
      "image_url": null,
      "off_barcode": null,
      "group_id": null,
      "match_type": null,
      "match_confidence": null,
      "quantity_g": null,
      "quantity_ml": null,
      "price_per_kg": null,
      "price_per_l": null
    },
    {
      "id": 3157,
      "name": "Хляб с 3 вида семена | LIDL",
      "store": "Lidl",
      "price": 1.17,
      "old_price": null,
      "discount_pct": 0,
      "image_url": null,
      "off_barcode": null,
      "group_id": null,
      "match_type": null,
      "match_confidence": null,
      "quantity_g": null,
      "quantity_ml": null,
      "price_per_kg": null,
      "price_per_l": null
    },
    {
      "id": 2584,
      "name": "Хляб с квас тип Сан Франциско | LIDL",
      "store": "Lidl",
      "price": 1.19,
      "old_price": null,
      "discount_pct": 0,
      "image_url": null,
      "off_barcode": null,
      "group_id": null,
      "match_type": null,
      "match_confidence": null,
      "quantity_g": null,
      "quantity_ml": null,
      "price_per_kg": null,
      "price_per_l": null
    },
    {
      "id": 2581,
      "name": "Хляб с розмарин и маслиново масло | LIDL",
      "store": "Lidl",
      "price": 1.19,
      "old_price": null,
      "discount_pct": 0,
      "image_url": null,
      "off_barcode": null,
      "group_id": null,
      "match_type": null,
      "match_confidence": null,
      "quantity_g": null,
      "quantity_ml": null,
      "price_per_kg": null,
      "price_per_l": null
    },
    {
      "id": 2848,
      "name": "Хляб с тиквено семе по алпийска рецепта | LIDL",
      "store": "Lidl",
      "price": 1.17,
      "old_price": null,
      "discount_pct": 0,
      "image_url": null,
      "off_barcode": null,
      "group_id": null,
      "match_type": null,
      "match_confidence": null,
      "quantity_g": null,
      "quantity_ml": null,
      "price_per_kg": null,
      "price_per_l": null
    },
    {
      "id": 3036,
      "name": "Хляб с три вида семена | LIDL",
      "store": "Lidl",
      "price": 1.19,
      "old_price": null,
      "discount_pct": 0,
      "image_url": null,
      "off_barcode": null,
      "group_id": "g_b6d767d2",
      "match_type": "name_similarity",
      "match_confidence": 0.88,
      "quantity_g": null,
      "quantity_ml": null,
      "price_per_kg": null,
      "price_per_l": null
    },
    {
      "id": 3120,
      "name": "Хляб със семена 700 г | LIDL",
      "store": "Lidl",
      "price": 1.17,
      "old_price": null,
      "discount_pct": 0,
      "image_url": null,
      "off_barcode": null,
      "group_id": "g_37693cfc",
      "match_type": "name_similarity",
      "match_confidence": 0.85,
      "quantity_g": 700,
      "quantity_ml": null,
      "price_per_kg": 167.64,
      "price_per_l": null
    },
    {
      "id": 2782,
      "name": "Хляб със семена | LIDL",
      "store": "Lidl",
      "price": 1.19,
      "old_price": null,
      "discount_pct": 0,
      "image_url": null,
      "off_barcode": null,
      "group_id": null,
      "match_type": null,
      "match_confidence": null,
      "quantity_g": null,
      "quantity_ml": null,
      "price_per_kg": null,
      "price_per_l": null
    },
    {
      "id": 2781,
      "name": "Хот Дог | LIDL",
      "store": "Lidl",
      "price": 117.35,
      "old_price": null,
      "discount_pct": 0,
      "image_url": null,
      "off_barcode": null,
      "group_id": null,
      "match_type": null,
      "match_confidence": null,
      "quantity_g": null,
      "quantity_ml": null,
      "price_per_kg": null,
      "price_per_l": null
    },
    {
      "id": 4867,
      "name": "Храна за котки",
      "store": "Lidl",
      "price": 156.46,
      "old_price": null,
      "discount_pct": 0,
      "image_url": null,
      "off_barcode": null,
      "group_id": null,
      "match_type": null,
      "match_confidence": null,
      "quantity_g": null,
      "quantity_ml": null,
      "price_per_kg": null,
      "price_per_l": null
    },
    {
      "id": 2655,
      "name": "Храна за котки | LIDL",
      "store": "Lidl",
      "price": 156.46,
      "old_price": null,
      "discount_pct": 0,
      "image_url": null,
      "off_barcode": null,
      "group_id": null,
      "match_type": null,
      "match_confidence": null,
      "quantity_g": null,
      "quantity_ml": null,
      "price_per_kg": null,
      "price_per_l": null
    },
    {
      "id": 4796,
      "name": "Храна за котки, пауч",
      "store": "Lidl",
      "price": 179.93,
      "old_price": null,
      "discount_pct": 0,
      "image_url": null,
      "off_barcode": null,
      "group_id": null,
      "match_type": null,
      "match_confidence": null,
      "quantity_g": null,
      "quantity_ml": null,
      "price_per_kg": null,
      "price_per_l": null
    },
    {
      "id": 2866,
      "name": "Храна за котки, пауч | LIDL",
      "store": "Lidl",
      "price": 172.11,
      "old_price": null,
      "discount_pct": 0,
      "image_url": null,
      "off_barcode": null,
      "group_id": null,
      "match_type": null,
      "match_confidence": null,
      "quantity_g": null,
      "quantity_ml": null,
      "price_per_kg": null,
      "price_per_l": null
    },
    {
      "id": 4804,
      "name": "Храна за кучета",
      "store": "Lidl",
      "price": 156.46,
      "old_price": null,
      "discount_pct": 0,
      "image_url": null,
      "off_barcode": null,
      "group_id": null,
      "match_type": null,
      "match_confidence": null,
      "quantity_g": null,
      "quantity_ml": null,
      "price_per_kg": null,
      "price_per_l": null
    },
    {
      "id": 2558,
      "name": "Храна за кучета | LIDL",
      "store": "Lidl",
      "price": 156.46,
      "old_price": null,
      "discount_pct": 0,
      "image_url": null,
      "off_barcode": null,
      "group_id": null,
      "match_type": null,
      "match_confidence": null,
      "quantity_g": null,
      "quantity_ml": null,
      "price_per_kg": null,
      "price_per_l": null
    },
    {
      "id": 2975,
      "name": "Храна за кучета, пауч | LIDL",
      "store": "Lidl",
      "price": 125.17,
      "old_price": null,
      "discount_pct": 0,
      "image_url": null,
      "off_barcode": null,
      "group_id": null,
      "match_type": null,
      "match_confidence": null,
      "quantity_g": null,
      "quantity_ml": null,
      "price_per_kg": null,
      "price_per_l": null
    },
    {
      "id": 5954,
      "name": "Хризантеми",
      "store": "Lidl",
      "price": 2.35,
      "old_price": null,
      "discount_pct": 0,
      "image_url": null,
      "off_barcode": null,
      "group_id": null,
      "match_type": null,
      "match_confidence": null,
      "quantity_g": null,
      "quantity_ml": null,
      "price_per_kg": null,
      "price_per_l": null
    },
    {
      "id": 5836,
      "name": "Хумус",
      "store": "Lidl",
      "price": 1.53,
      "old_price": null,
      "discount_pct": 0,
      "image_url": null,
      "off_barcode": null,
      "group_id": null,
      "match_type": null,
      "match_confidence": null,
      "quantity_g": null,
      "quantity_ml": null,
      "price_per_kg": null,
      "price_per_l": null
    },
    {
      "id": 1204,
      "name": "Царевец",
      "store": "Kaufland",
      "price": 3.57,
      "old_price": null,
      "discount_pct": 0,
      "image_url": null,
      "off_barcode": null,
      "group_id": null,
      "match_type": null,
      "match_confidence": null,
      "quantity_g": null,
      "quantity_ml": null,
      "price_per_kg": null,
      "price_per_l": null
    },
    {
      "id": 286,
      "name": "Царевец Обикновени вафли",
      "store": "Kaufland",
      "price": 6.98,
      "old_price": null,
      "discount_pct": 0,
      "image_url": null,
      "off_barcode": null,
      "group_id": null,
      "match_type": null,
      "match_confidence": null,
      "quantity_g": null,
      "quantity_ml": null,
      "price_per_kg": null,
      "price_per_l": null
    },
    {
      "id": 3047,
      "name": "Цветен донат | LIDL",
      "store": "Lidl",
      "price": 1.19,
      "old_price": null,
      "discount_pct": 0,
      "image_url": null,
      "off_barcode": null,
      "group_id": null,
      "match_type": null,
      "match_confidence": null,
      "quantity_g": null,
      "quantity_ml": null,
      "price_per_kg": null,
      "price_per_l": null
    },
    {
      "id": 1020,
      "name": "Цветна орхидея Фаленопсис",
      "store": "Kaufland",
      "price": 9.2,
      "old_price": null,
      "discount_pct": 0,
      "image_url": null,
      "off_barcode": null,
      "group_id": null,
      "match_type": null,
      "match_confidence": null,
      "quantity_g": null,
      "quantity_ml": null,
      "price_per_kg": null,
      "price_per_l": null
    },
    {
      "id": 4255,
      "name": "Циклама Стайно растение",
      "store": "Kaufland",
      "price": 9.99,
      "old_price": null,
      "discount_pct": 0,
      "image_url": null,
      "off_barcode": null,
      "group_id": null,
      "match_type": null,
      "match_confidence": null,
      "quantity_g": null,
      "quantity_ml": null,
      "price_per_kg": null,
      "price_per_l": null
    },
    {
      "id": 3117,
      "name": "Ципура | LIDL",
      "store": "Lidl",
      "price": 1.39,
      "old_price": null,
      "discount_pct": 0,
      "image_url": null,
      "off_barcode": null,
      "group_id": null,
      "match_type": null,
      "match_confidence": null,
      "quantity_g": null,
      "quantity_ml": null,
      "price_per_kg": null,
      "price_per_l": null
    },
    {
      "id": 5958,
      "name": "Цъфтящо растение „Сърце“",
      "store": "Lidl",
      "price": 6.59,
      "old_price": null,
      "discount_pct": 0,
      "image_url": null,
      "off_barcode": null,
      "group_id": null,
      "match_type": null,
      "match_confidence": null,
      "quantity_g": null,
      "quantity_ml": null,
      "price_per_kg": null,
      "price_per_l": null
    },
    {
      "id": 1058,
      "name": "Цял заек",
      "store": "Kaufland",
      "price": 7.66,
      "old_price": null,
      "discount_pct": 0,
      "image_url": null,
      "off_barcode": null,
      "group_id": null,
      "match_type": null,
      "match_confidence": null,
      "quantity_g": null,
      "quantity_ml": null,
      "price_per_kg": null,
      "price_per_l": null
    },
    {
      "id": 140,
      "name": "Цял заек охладен",
      "store": "Kaufland",
      "price": 14.98,
      "old_price": null,
      "discount_pct": 0,
      "image_url": null,
      "off_barcode": null,
      "group_id": null,
      "match_type": null,
      "match_confidence": null,
      "quantity_g": null,
      "quantity_ml": null,
      "price_per_kg": null,
      "price_per_l": null
    },
    {
      "id": 4780,
      "name": "Чабата",
      "store": "Lidl",
      "price": 123.22,
      "old_price": null,
      "discount_pct": 0,
      "image_url": null,
      "off_barcode": null,
      "group_id": null,
      "match_type": null,
      "match_confidence": null,
      "quantity_g": null,
      "quantity_ml": null,
      "price_per_kg": null,
      "price_per_l": null
    },
    {
      "id": 2891,
      "name": "Чабата | LIDL",
      "store": "Lidl",
      "price": 125.17,
      "old_price": null,
      "discount_pct": 0,
      "image_url": null,
      "off_barcode": null,
      "group_id": null,
      "match_type": null,
      "match_confidence": null,
      "quantity_g": null,
      "quantity_ml": null,
      "price_per_kg": null,
      "price_per_l": null
    },
    {
      "id": 6092,
      "name": "Чадър",
      "store": "Lidl",
      "price": 4.08,
      "old_price": null,
      "discount_pct": 0,
      "image_url": null,
      "off_barcode": null,
      "group_id": null,
      "match_type": null,
      "match_confidence": null,
      "quantity_g": null,
      "quantity_ml": null,
      "price_per_kg": null,
      "price_per_l": null
    },
    {
      "id": 3739,
      "name": "Чаша за еспресо Coffeina 80 мл",
      "store": "Kaufland",
      "price": 11.99,
      "old_price": null,
      "discount_pct": 0,
      "image_url": null,
      "off_barcode": null,
      "group_id": null,
      "match_type": null,
      "match_confidence": null,
      "quantity_g": null,
      "quantity_ml": 80,
      "price_per_kg": null,
      "price_per_l": 149.88
    },
    {
      "id": 5868,
      "name": "Чипс",
      "store": "Lidl",
      "price": 1.38,
      "old_price": null,
      "discount_pct": 0,
      "image_url": null,
      "off_barcode": null,
      "group_id": null,
      "match_type": null,
      "match_confidence": null,
      "quantity_g": null,
      "quantity_ml": null,
      "price_per_kg": null,
      "price_per_l": null
    },
    {
      "id": 3882,
      "name": "Чорапи 35 - 46",
      "store": "Kaufland",
      "price": 4.99,
      "old_price": null,
      "discount_pct": 0,
      "image_url": null,
      "off_barcode": null,
      "group_id": null,
      "match_type": null,
      "match_confidence": null,
      "quantity_g": null,
      "quantity_ml": null,
      "price_per_kg": null,
      "price_per_l": null
    },
    {
      "id": 2993,
      "name": "Чоризо хлебче | LIDL",
      "store": "Lidl",
      "price": 117.35,
      "old_price": null,
      "discount_pct": 0,
      "image_url": null,
      "off_barcode": null,
      "group_id": null,
      "match_type": null,
      "match_confidence": null,
      "quantity_g": null,
      "quantity_ml": null,
      "price_per_kg": null,
      "price_per_l": null
    },
    {
      "id": 2648,
      "name": "Шампоан | LIDL",
      "store": "Lidl",
      "price": 177.98,
      "old_price": null,
      "discount_pct": 0,
      "image_url": null,
      "off_barcode": null,
      "group_id": null,
      "match_type": null,
      "match_confidence": null,
      "quantity_g": null,
      "quantity_ml": null,
      "price_per_kg": null,
      "price_per_l": null
    },
    {
      "id": 2972,
      "name": "Шампоан за коса, семейна опаковка | LIDL",
      "store": "Lidl",
      "price": 176.02,
      "old_price": null,
      "discount_pct": 0,
      "image_url": null,
      "off_barcode": null,
      "group_id": null,
      "match_type": null,
      "match_confidence": null,
      "quantity_g": null,
      "quantity_ml": null,
      "price_per_kg": null,
      "price_per_l": null
    },
    {
      "id": 2624,
      "name": "Шампоан против пърхот | LIDL",
      "store": "Lidl",
      "price": 162.33,
      "old_price": null,
      "discount_pct": 0,
      "image_url": null,
      "off_barcode": null,
      "group_id": null,
      "match_type": null,
      "match_confidence": null,
      "quantity_g": null,
      "quantity_ml": null,
      "price_per_kg": null,
      "price_per_l": null
    },
    {
      "id": 2798,
      "name": "Шоко донат | LIDL",
      "store": "Lidl",
      "price": 1.25,
      "old_price": null,
      "discount_pct": 0,
      "image_url": null,
      "off_barcode": null,
      "group_id": null,
      "match_type": null,
      "match_confidence": null,
      "quantity_g": null,
      "quantity_ml": null,
      "price_per_kg": null,
      "price_per_l": null
    },
    {
      "id": 3161,
      "name": "Шоколадов донат | LIDL",
      "store": "Lidl",
      "price": 1.23,
      "old_price": null,
      "discount_pct": 0,
      "image_url": null,
      "off_barcode": null,
      "group_id": null,
      "match_type": null,
      "match_confidence": null,
      "quantity_g": null,
      "quantity_ml": null,
      "price_per_kg": null,
      "price_per_l": null
    },
    {
      "id": 3143,
      "name": "Шоколадов мъфин | LIDL",
      "store": "Lidl",
      "price": 1.19,
      "old_price": null,
      "discount_pct": 0,
      "image_url": null,
      "off_barcode": null,
      "group_id": null,
      "match_type": null,
      "match_confidence": null,
      "quantity_g": null,
      "quantity_ml": null,
      "price_per_kg": null,
      "price_per_l": null
    },
    {
      "id": 3059,
      "name": "Шоколадов мъфин с малинов пълнеж | LIDL",
      "store": "Lidl",
      "price": 1.17,
      "old_price": null,
      "discount_pct": 0,
      "image_url": null,
      "off_barcode": null,
      "group_id": null,
      "match_type": null,
      "match_confidence": null,
      "quantity_g": null,
      "quantity_ml": null,
      "price_per_kg": null,
      "price_per_l": null
    },
    {
      "id": 2666,
      "name": "Шоколадова поничка с лешников крем | LIDL",
      "store": "Lidl",
      "price": 1.19,
      "old_price": null,
      "discount_pct": 0,
      "image_url": null,
      "off_barcode": null,
      "group_id": null,
      "match_type": null,
      "match_confidence": null,
      "quantity_g": null,
      "quantity_ml": null,
      "price_per_kg": null,
      "price_per_l": null
    },
    {
      "id": 2566,
      "name": "Шоколадово хлебче | LIDL",
      "store": "Lidl",
      "price": 1.19,
      "old_price": null,
      "discount_pct": 0,
      "image_url": null,
      "off_barcode": null,
      "group_id": null,
      "match_type": null,
      "match_confidence": null,
      "quantity_g": null,
      "quantity_ml": null,
      "price_per_kg": null,
      "price_per_l": null
    },
    {
      "id": 2859,
      "name": "Шунка на парче | LIDL",
      "store": "Lidl",
      "price": 113.44,
      "old_price": null,
      "discount_pct": 0,
      "image_url": null,
      "off_barcode": null,
      "group_id": null,
      "match_type": null,
      "match_confidence": null,
      "quantity_g": null,
      "quantity_ml": null,
      "price_per_kg": null,
      "price_per_l": null
    },
    {
      "id": 5827,
      "name": "Ястие в азиатски стил",
      "store": "Lidl",
      "price": 2.81,
      "old_price": null,
      "discount_pct": 0,
      "image_url": null,
      "off_barcode": null,
      "group_id": null,
      "match_type": null,
      "match_confidence": null,
      "quantity_g": null,
      "quantity_ml": null,
      "price_per_kg": null,
      "price_per_l": null
    }
  ],
  "groups": {
    "g_cfcd2084": {
      "product_ids": [
        5728,
        3226
      ],
      "stores": [
        "Kaufland",
        "Lidl"
      ],
      "min_price": 1.27,
      "max_price": 2.48,
      "brand": "броколи"
    },
    "g_c4ca4238": {
      "product_ids": [
        5737,
        1026
      ],
      "stores": [
        "Kaufland",
        "Lidl"
      ],
      "min_price": 0.76,
      "max_price": 0.89,
      "brand": "портокали"
    },
    "g_c81e728d": {
      "product_ids": [
        5731,
        1028
      ],
      "stores": [
        "Kaufland",
        "Lidl"
      ],
      "min_price": 0.76,
      "max_price": 0.76,
      "brand": "червени"
    },
    "g_eccbc87e": {
      "product_ids": [
        5735,
        1039
      ],
      "stores": [
        "Kaufland",
        "Lidl"
      ],
      "min_price": 0.66,
      "max_price": 0.99,
      "brand": "авокадо"
    },
    "g_a87ff679": {
      "product_ids": [
        5733,
        1041
      ],
      "stores": [
        "Kaufland",
        "Lidl"
      ],
      "min_price": 1.12,
      "max_price": 1.27,
      "brand": "манго"
    },
    "g_e4da3b7f": {
      "product_ids": [
        5889,
        4334
      ],
      "stores": [
        "Kaufland",
        "Lidl"
      ],
      "min_price": 3.21,
      "max_price": 6.28,
      "brand": "nestle"
    },
    "g_1679091c": {
      "product_ids": [
        5904,
        3357
      ],
      "stores": [
        "Kaufland",
        "Lidl"
      ],
      "min_price": 1.09,
      "max_price": 1.68,
      "brand": "точени"
    },
    "g_8f14e45f": {
      "product_ids": [
        5790,
        5675
      ],
      "stores": [
        "Kaufland",
        "Lidl"
      ],
      "min_price": 5.49,
      "max_price": 6.13,
      "brand": "кашкавал"
    },
    "g_c9f0f895": {
      "product_ids": [
        5829,
        3354
      ],
      "stores": [
        "Kaufland",
        "Lidl"
      ],
      "min_price": 2.19,
      "max_price": 3.99,
      "brand": "balkan"
    },
    "g_45c48cce": {
      "product_ids": [
        5795,
        3291
      ],
      "stores": [
        "Kaufland",
        "Lidl"
      ],
      "min_price": 1.43,
      "max_price": 1.99,
      "brand": "прясно"
    },
    "g_d3d94468": {
      "product_ids": [
        5864,
        382
      ],
      "stores": [
        "Kaufland",
        "Lidl"
      ],
      "min_price": 3.83,
      "max_price": 5.98,
      "brand": "суха"
    },
    "g_6512bd43": {
      "product_ids": [
        5718,
        445
      ],
      "stores": [
        "Kaufland",
        "Lidl"
      ],
      "min_price": 3.06,
      "max_price": 5.48,
      "brand": "heinz"
    },
    "g_c20ad4d7": {
      "product_ids": [
        576,
        554
      ],
      "stores": [
        "Kaufland",
        "Lidl"
      ],
      "min_price": 12.77,
      "max_price": 18.48,
      "brand": "william"
    },
    "g_c51ce410": {
      "product_ids": [
        228,
        228
      ],
      "stores": [
        "Kaufland",
        "Lidl"
      ],
      "min_price": 0.59,
      "max_price": 1.19,
      "brand": "баничка"
    },
    "g_aab32389": {
      "product_ids": [
        4790,
        3431
      ],
      "stores": [
        "Kaufland",
        "Lidl"
      ],
      "min_price": 1.19,
      "max_price": 1.19,
      "brand": "бял"
    },
    "g_9bf31c7f": {
      "product_ids": [
        3538,
        3538
      ],
      "stores": [
        "Kaufland",
        "Lidl"
      ],
      "min_price": 0.43,
      "max_price": 1.02,
      "brand": "горна баня"
    },
    "g_c74d97b0": {
      "product_ids": [
        5751,
        1139
      ],
      "stores": [
        "Kaufland",
        "Lidl"
      ],
      "min_price": 0.49,
      "max_price": 0.65,
      "brand": "кроасан"
    },
    "g_70efdf2e": {
      "product_ids": [
        3035,
        3425
      ],
      "stores": [
        "Kaufland",
        "Lidl"
      ],
      "min_price": 1.19,
      "max_price": 1.19,
      "brand": "кроасан"
    },
    "g_6f4922f4": {
      "product_ids": [
        5948,
        1486
      ],
      "stores": [
        "Kaufland",
        "Lidl"
      ],
      "min_price": 8.17,
      "max_price": 11.75,
      "brand": "орхидея"
    },
    "g_1f0e3dad": {
      "product_ids": [
        6036,
        1349
      ],
      "stores": [
        "Kaufland",
        "Lidl"
      ],
      "min_price": 3.57,
      "max_price": 3.57,
      "brand": "плюшена"
    },
    "g_98f13708": {
      "product_ids": [
        5773,
        3260
      ],
      "stores": [
        "Kaufland",
        "Lidl"
      ],
      "min_price": 2.8,
      "max_price": 6.98,
      "brand": "свински"
    },
    "g_3c59dc04": {
      "product_ids": [
        5768,
        1076
      ],
      "stores": [
        "Kaufland",
        "Lidl"
      ],
      "min_price": 3.79,
      "max_price": 4.08,
      "brand": "свински"
    },
    "g_b6d767d2": {
      "product_ids": [
        3036,
        553
      ],
      "stores": [
        "Kaufland",
        "Lidl"
      ],
      "min_price": 1.19,
      "max_price": 1.41,
      "brand": "хляб"
    },
    "g_37693cfc": {
      "product_ids": [
        3120,
        3401
      ],
      "stores": [
        "Kaufland",
        "Lidl"
      ],
      "min_price": 1.17,
      "max_price": 1.47,
      "brand": "хляб"
    },
    "g_1ff1de77": {
      "product_ids": [
        5729,
        683
      ],
      "stores": [
        "Billa",
        "Lidl"
      ],
      "min_price": 1.69,
      "max_price": 1.78,
      "brand": "ягоди"
    },
    "g_8e296a06": {
      "product_ids": [
        5880,
        804
      ],
      "stores": [
        "Billa",
        "Lidl"
      ],
      "min_price": 3.37,
      "max_price": 5.11,
      "brand": "raffaello"
    },
    "g_4e732ced": {
      "product_ids": [
        3548,
        841
      ],
      "stores": [
        "Kaufland",
        "Billa"
      ],
      "min_price": 0.5,
      "max_price": 0.84,
      "brand": "pepsi"
    },
    "g_02e74f10": {
      "product_ids": [
        3551,
        838
      ],
      "stores": [
        "Kaufland",
        "Billa"
      ],
      "min_price": 0.84,
      "max_price": 0.91,
      "brand": "prisun"
    },
    "g_33e75ff0": {
      "product_ids": [
        186,
        757
      ],
      "stores": [
        "Kaufland",
        "Billa"
      ],
      "min_price": 9.19,
      "max_price": 17.99,
      "brand": "саяна"
    },
    "g_6ea9ab1b": {
      "product_ids": [
        4230,
        807
      ],
      "stores": [
        "Kaufland",
        "Billa"
      ],
      "min_price": 1.49,
      "max_price": 1.53,
      "brand": "млечен"
    },
    "g_34173cb3": {
      "product_ids": [
        1034,
        686
      ],
      "stores": [
        "Kaufland",
        "Billa"
      ],
      "min_price": 1.78,
      "max_price": 1.99,
      "brand": "ананас"
    },
    "g_c16a5320": {
      "product_ids": [
        3290,
        769
      ],
      "stores": [
        "Kaufland",
        "Billa"
      ],
      "min_price": 0.76,
      "max_price": 1.29,
      "brand": "верея"
    },
    "g_6364d3f0": {
      "product_ids": [
        329,
        857
      ],
      "stores": [
        "Kaufland",
        "Billa"
      ],
      "min_price": 8.43,
      "max_price": 16.49,
      "brand": "absolut"
    }
  }
}