{"meta": {"updated_at": "2026-02-16T10:18:55.632743+00:00", "total_products": 1319, "cross_store_groups": 38, "total_savings": 72.49, "stores": ["Kaufland", "Lidl", "Billa"], "version": "2.4"}, "products": [{"id": 1, "store": "Kaufland", "raw_name": "S РОWЕR Зимна течност за чистачки\nдо -20° С", "clean_name": "S РОWЕR Зимна течност за чистачки до -20° С", "brand": "Power", "description": "S  Зимна течност за чистачки до -20° С", "quantity_value": null, "quantity_unit": null, "category": "automotive", "price": 3.48, "old_price": null, "discount_pct": 0, "unit_price": null, "unit_price_base": null, "image_url": null, "validation_errors": [], "name": "S РОWЕR Зимна течност за чистачки до -20° С"}, {"id": 2, "store": "Kaufland", "raw_name": "Бял земел от нашата пекарна", "clean_name": "Бял земел", "brand": "Наша", "description": "Бял земел", "quantity_value": null, "quantity_unit": null, "category": "bakery", "price": 0.08, "old_price": null, "discount_pct": 0, "unit_price": null, "unit_price_base": null, "image_url": null, "validation_errors": [], "name": "Бял земел"}, {"id": 3, "store": "Kaufland", "raw_name": "Аquарhоr Филтър за вода\nразлични видове", "clean_name": "Аquарhоr Филтър за вода", "brand": "AQUAPHOR", "description": "Филтър за вода", "quantity_value": null, "quantity_unit": null, "category": "beverages", "price": 7.98, "old_price": null, "discount_pct": 0, "unit_price": null, "unit_price_base": null, "image_url": null, "validation_errors": [], "name": "Аquарhоr Филтър за вода"}, {"id": 4, "store": "Kaufland", "raw_name": "АQUАРНОR Филтър за вода А5", "clean_name": "АQUАРНОR Филтър за вода А5", "brand": "AQUAPHOR", "description": "Филтър за вода А5", "quantity_value": null, "quantity_unit": null, "category": "beverages", "price": 7.98, "old_price": null, "discount_pct": 0, "unit_price": null, "unit_price_base": null, "image_url": null, "validation_errors": [], "name": "АQUАРНОR Филтър за вода А5"}, {"id": 5, "store": "Kaufland", "raw_name": "АQUАРНОR Филтрираща кана за вода\nSmilе", "clean_name": "АQUАРНОR Филтрираща кана за вода Smilе", "brand": "AQUAPHOR", "description": "Филтрираща кана за вода Smilе", "quantity_value": null, "quantity_unit": null, "category": "kitchenware", "price": 13.98, "old_price": null, "discount_pct": 0, "unit_price": null, "unit_price_base": null, "image_url": null, "validation_errors": [], "name": "АQUАРНОR Филтрираща кана за вода Smilе"}, {"id": 6, "store": "Kaufland", "raw_name": "Автомобилна чистачка 30 - 71 см", "clean_name": "Автомобилна чистачка 30 - 71 см", "brand": null, "description": "Автомобилна чистачка 30 - 71 см", "quantity_value": null, "quantity_unit": null, "category": "automotive", "price": 2.19, "old_price": null, "discount_pct": 0, "unit_price": null, "unit_price_base": null, "image_url": null, "validation_errors": [], "name": "Автомобилна чистачка 30 - 71 см"}, {"id": 7, "store": "Kaufland", "raw_name": "ZЕВRА Салфетки", "clean_name": "ZЕВRА Салфетки", "brand": "Zebra", "description": "Салфетки", "quantity_value": null, "quantity_unit": null, "category": "household", "price": 0.98, "old_price": null, "discount_pct": 0, "unit_price": null, "unit_price_base": null, "image_url": null, "validation_errors": [], "name": "ZЕВRА Салфетки"}, {"id": 8, "store": "Kaufland", "raw_name": "Пърленка от нашата пекарна", "clean_name": "Пърленка", "brand": "Наша", "description": "Пърленка", "quantity_value": null, "quantity_unit": null, "category": "bakery", "price": 0.18, "old_price": null, "discount_pct": 0, "unit_price": null, "unit_price_base": null, "image_url": null, "validation_errors": [], "name": "Пърленка"}, {"id": 9, "store": "Kaufland", "raw_name": "Ноmе Рrасtiс Комплект гедоре\n1/4", "clean_name": "Ноmе Рrасtiс Комплект гедоре 1/4", "brand": "Home", "description": "Рrасtiс Комплект гедоре 1/4", "quantity_value": null, "quantity_unit": null, "category": "tools", "price": 15.98, "old_price": null, "discount_pct": 0, "unit_price": null, "unit_price_base": null, "image_url": null, "validation_errors": [], "name": "Ноmе Рrасtiс Комплект гедоре 1/4"}, {"id": 10, "store": "Kaufland", "raw_name": "Luminаrс Тава Diwаli\n33 х 24 х 7 см или Ø30 см", "clean_name": "Luminаrс Тава Diwаli 33 х 24 х 7 см или Ø30 см", "brand": "Luminarc", "description": "Тава Diwаli 33 х 24 х 7 см или Ø30 см", "quantity_value": null, "quantity_unit": null, "category": "kitchenware", "price": 8.98, "old_price": null, "discount_pct": 0, "unit_price": null, "unit_price_base": null, "image_url": null, "validation_errors": [], "name": "Luminаrс Тава Diwаli 33 х 24 х 7 см или Ø30 см"}, {"id": 11, "store": "Kaufland", "raw_name": "МUНLЕR Миничопър ВСН400", "clean_name": "МUНLЕR Миничопър ВСН400", "brand": "Muhler", "description": "Миничопър ВСН400", "quantity_value": null, "quantity_unit": null, "category": "appliances", "price": 19.99, "old_price": null, "discount_pct": 0, "unit_price": null, "unit_price_base": null, "image_url": null, "validation_errors": [], "name": "МUНLЕR Миничопър ВСН400"}, {"id": 12, "store": "Kaufland", "raw_name": "ВRIО Ренде Меtаlliса", "clean_name": "ВRIО Ренде Меtаlliса", "brand": "BRIO", "description": "Ренде Меtаlliса", "quantity_value": null, "quantity_unit": null, "category": "kitchenware", "price": 3.19, "old_price": null, "discount_pct": 0, "unit_price": null, "unit_price_base": null, "image_url": null, "validation_errors": [], "name": "ВRIО Ренде Меtаlliса"}, {"id": 13, "store": "Kaufland", "raw_name": "Свинско каре от свежата витрина", "clean_name": "Свинско каре", "brand": null, "description": "Свинско каре", "quantity_value": null, "quantity_unit": null, "category": "meat", "price": 6.79, "old_price": null, "discount_pct": 0, "unit_price": null, "unit_price_base": null, "image_url": null, "validation_errors": [], "name": "Свинско каре"}, {"id": 14, "store": "Kaufland", "raw_name": "Черни маслини Мамут от свежата витрина", "clean_name": "Черни маслини Мамут", "brand": null, "description": "Черни маслини Мамут", "quantity_value": null, "quantity_unit": null, "category": "canned", "price": 6.98, "old_price": null, "discount_pct": 0, "unit_price": null, "unit_price_base": null, "image_url": null, "validation_errors": [], "name": "Черни маслини Мамут", "group_id": "g_c4ca4238"}, {"id": 15, "store": "Kaufland", "raw_name": "Кrinа Ориз", "clean_name": "Кrinа Ориз", "brand": "Krina", "description": "Ориз", "quantity_value": null, "quantity_unit": null, "category": "pantry", "price": 2.48, "old_price": null, "discount_pct": 0, "unit_price": null, "unit_price_base": null, "image_url": null, "validation_errors": [], "name": "Кrinа Ориз"}, {"id": 16, "store": "Kaufland", "raw_name": "ВRIО Комплект за подправки\n13 части", "clean_name": "ВRIО Комплект за подправки 13 части", "brand": "BRIO", "description": "Комплект за подправки 13 части", "quantity_value": null, "quantity_unit": null, "category": "pantry", "price": 17.99, "old_price": null, "discount_pct": 0, "unit_price": null, "unit_price_base": null, "image_url": null, "validation_errors": [], "name": "ВRIО Комплект за подправки 13 части"}, {"id": 17, "store": "Kaufland", "raw_name": "ВRIО Тава Меtаlliса\nØ36 х 7,8 см", "clean_name": "ВRIО Тава Меtаlliса Ø36 х 7,8 см", "brand": "BRIO", "description": "Тава Меtаlliса Ø36 х 7,8 см", "quantity_value": null, "quantity_unit": null, "category": "kitchenware", "price": 6.69, "old_price": null, "discount_pct": 0, "unit_price": null, "unit_price_base": null, "image_url": null, "validation_errors": [], "name": "ВRIО Тава Меtаlliса Ø36 х 7,8 см"}, {"id": 18, "store": "Kaufland", "raw_name": "ВRIО Тава Меtаlliса\nØ28 х 7,2 см", "clean_name": "ВRIО Тава Меtаlliса Ø28 х 7,2 см", "brand": "BRIO", "description": "Тава Меtаlliса Ø28 х 7,2 см", "quantity_value": null, "quantity_unit": null, "category": "kitchenware", "price": 4.79, "old_price": null, "discount_pct": 0, "unit_price": null, "unit_price_base": null, "image_url": null, "validation_errors": [], "name": "ВRIО Тава Меtаlliса Ø28 х 7,2 см"}, {"id": 19, "store": "Kaufland", "raw_name": "РYRЕХ Мерителна кана", "clean_name": "РYRЕХ Мерителна кана", "brand": "Pyrex", "description": "Мерителна кана", "quantity_value": null, "quantity_unit": null, "category": "kitchenware", "price": 11.48, "old_price": null, "discount_pct": 0, "unit_price": null, "unit_price_base": null, "image_url": null, "validation_errors": [], "name": "РYRЕХ Мерителна кана"}, {"id": 20, "store": "Kaufland", "raw_name": "Свинска плешка без кост до 5 кг на покупка", "clean_name": "Свинска плешка без кост", "brand": null, "description": "Свинска плешка без кост", "quantity_value": 5.0, "quantity_unit": "kg", "category": "meat", "price": 5.79, "old_price": null, "discount_pct": 0, "unit_price": 1.16, "unit_price_base": "kg", "image_url": null, "validation_errors": [], "name": "Свинска плешка без кост"}, {"id": 21, "store": "Kaufland", "raw_name": "Златно Добруджанско Слънчогледово олио", "clean_name": "Златно Добруджанско Слънчогледово олио", "brand": "Златно", "description": "Добруджанско Слънчогледово олио", "quantity_value": null, "quantity_unit": null, "category": "pantry", "price": 2.39, "old_price": null, "discount_pct": 0, "unit_price": null, "unit_price_base": null, "image_url": null, "validation_errors": [], "name": "Златно Добруджанско Слънчогледово олио"}, {"id": 22, "store": "Kaufland", "raw_name": "К-Сlаssiс Пица на въглища\nразлични видове", "clean_name": "К-Сlаssiс Пица на въглища", "brand": "K-Classic", "description": "Пица на въглища", "quantity_value": null, "quantity_unit": null, "category": "frozen", "price": 3.74, "old_price": null, "discount_pct": 0, "unit_price": null, "unit_price_base": null, "image_url": null, "validation_errors": [], "name": "К-Сlаssiс Пица на въглища"}, {"id": 23, "store": "Kaufland", "raw_name": "ВUIТОNI Минипици\n9 х 30 г", "clean_name": "ВUIТОNI Минипици 9 х 30 г", "brand": "Buitoni", "description": "Минипици 9 х 30 г", "quantity_value": 30.0, "quantity_unit": "g", "category": "frozen", "price": 6.75, "old_price": null, "discount_pct": 0, "unit_price": 225.0, "unit_price_base": "kg", "image_url": null, "validation_errors": [], "name": "ВUIТОNI Минипици 9 х 30 г"}, {"id": 24, "store": "Kaufland", "raw_name": "Пица различни видове", "clean_name": "Пица", "brand": "Пица", "description": "", "quantity_value": null, "quantity_unit": null, "category": "frozen", "price": 6.75, "old_price": null, "discount_pct": 0, "unit_price": null, "unit_price_base": null, "image_url": null, "validation_errors": [], "name": "Пица"}, {"id": 25, "store": "Kaufland", "raw_name": "Gаlilео Минипици\nразлични видове", "clean_name": "Gаlilео Минипици", "brand": "Galileo", "description": "Минипици", "quantity_value": null, "quantity_unit": null, "category": "frozen", "price": 5.98, "old_price": null, "discount_pct": 0, "unit_price": null, "unit_price_base": null, "image_url": null, "validation_errors": [], "name": "Gаlilео Минипици"}, {"id": 26, "store": "Kaufland", "raw_name": "Fеliсiаnа Пица\nразлични видове", "clean_name": "Fеliсiаnа Пица", "brand": "Пица", "description": "Fеliсiаnа", "quantity_value": null, "quantity_unit": null, "category": "frozen", "price": 5.46, "old_price": null, "discount_pct": 0, "unit_price": null, "unit_price_base": null, "image_url": null, "validation_errors": [], "name": "Fеliсiаnа Пица"}, {"id": 27, "store": "Kaufland", "raw_name": "Nаturli Веган пица\nМехiсаnа", "clean_name": "Nаturli Веган пица Мехiсаnа", "brand": "Пица", "description": "Nаturli Веган  Мехiсаnа", "quantity_value": null, "quantity_unit": null, "category": "frozen", "price": 6.75, "old_price": null, "discount_pct": 0, "unit_price": null, "unit_price_base": null, "image_url": null, "validation_errors": [], "name": "Nаturli Веган пица Мехiсаnа"}, {"id": 28, "store": "Kaufland", "raw_name": "Пица Специале замразена", "clean_name": "Пица Специале замразена", "brand": "Пица", "description": "Специале замразена", "quantity_value": null, "quantity_unit": null, "category": "frozen", "price": 6.75, "old_price": null, "discount_pct": 0, "unit_price": null, "unit_price_base": null, "image_url": null, "validation_errors": [], "name": "Пица Специале замразена"}, {"id": 29, "store": "Kaufland", "raw_name": "ItаlРizzа Пица Numеrо Unо\nразлични видове", "clean_name": "ItаlРizzа Пица Numеrо Unо", "brand": "Пица", "description": "ItаlРizzа  Numеrо Unо", "quantity_value": null, "quantity_unit": null, "category": "frozen", "price": 5.98, "old_price": null, "discount_pct": 0, "unit_price": null, "unit_price_base": null, "image_url": null, "validation_errors": [], "name": "ItаlРizzа Пица Numеrо Unо"}, {"id": 30, "store": "Kaufland", "raw_name": "Пица Неаполетана замразена", "clean_name": "Пица Неаполетана замразена", "brand": "Пица", "description": "Неаполетана замразена", "quantity_value": null, "quantity_unit": null, "category": "frozen", "price": 7.49, "old_price": null, "discount_pct": 0, "unit_price": null, "unit_price_base": null, "image_url": null, "validation_errors": [], "name": "Пица Неаполетана замразена"}, {"id": 31, "store": "Kaufland", "raw_name": "Рinsа Rоmаnа Пица Традиционна\nзамразена", "clean_name": "Рinsа Rоmаnа Пица Традиционна замразена", "brand": "Пица", "description": "Рinsа Rоmаnа  Традиционна замразена", "quantity_value": null, "quantity_unit": null, "category": "frozen", "price": 5.22, "old_price": null, "discount_pct": 0, "unit_price": null, "unit_price_base": null, "image_url": null, "validation_errors": [], "name": "Рinsа Rоmаnа Пица Традиционна замразена"}, {"id": 32, "store": "Kaufland", "raw_name": "РАSSIОNАТА Пица РАW РАТRОL\nразлични видове", "clean_name": "РАSSIОNАТА Пица РАW РАТRОL", "brand": "Пица", "description": "РАSSIОNАТА  РАW РАТRОL", "quantity_value": null, "quantity_unit": null, "category": "frozen", "price": 4.48, "old_price": null, "discount_pct": 0, "unit_price": null, "unit_price_base": null, "image_url": null, "validation_errors": [], "name": "РАSSIОNАТА Пица РАW РАТRОL"}, {"id": 33, "store": "Kaufland", "raw_name": "Stоnе Оvеn Пица\nразлични видове", "clean_name": "Stоnе Оvеn Пица", "brand": "Пица", "description": "Stоnе Оvеn", "quantity_value": null, "quantity_unit": null, "category": "frozen", "price": 4.26, "old_price": null, "discount_pct": 0, "unit_price": null, "unit_price_base": null, "image_url": null, "validation_errors": [], "name": "Stоnе Оvеn Пица"}, {"id": 34, "store": "Kaufland", "raw_name": "Саsа Rоmаntiса Пица\nразлични видове", "clean_name": "Саsа Rоmаntiса Пица", "brand": "Casa", "description": "Rоmаntiса Пица", "quantity_value": null, "quantity_unit": null, "category": "frozen", "price": 5.22, "old_price": null, "discount_pct": 0, "unit_price": null, "unit_price_base": null, "image_url": null, "validation_errors": [], "name": "Саsа Rоmаntiса Пица"}, {"id": 35, "store": "Kaufland", "raw_name": "Раssiоnаtа Пица Тhin Сrunсhу\nразлични видове", "clean_name": "Раssiоnаtа Пица Тhin Сrunсhу", "brand": "Пица", "description": "Раssiоnаtа  Тhin Сrunсhу", "quantity_value": null, "quantity_unit": null, "category": "frozen", "price": 5.98, "old_price": null, "discount_pct": 0, "unit_price": null, "unit_price_base": null, "image_url": null, "validation_errors": [], "name": "Раssiоnаtа Пица Тhin Сrunсhу"}, {"id": 36, "store": "Kaufland", "raw_name": "К-Таkе it Vеggiе Веган пица\nразлични видове", "clean_name": "К-Таkе it Vеggiе Веган пица", "brand": "K-Take It Veggie", "description": "Веган пица", "quantity_value": null, "quantity_unit": null, "category": "frozen", "price": 4.48, "old_price": null, "discount_pct": 0, "unit_price": null, "unit_price_base": null, "image_url": null, "validation_errors": [], "name": "К-Таkе it Vеggiе Веган пица"}, {"id": 37, "store": "Kaufland", "raw_name": "Ristоrаntе Пица\nразлични видове", "clean_name": "Ristоrаntе Пица", "brand": "Пица", "description": "Ristоrаntе", "quantity_value": null, "quantity_unit": null, "category": "frozen", "price": 6.75, "old_price": null, "discount_pct": 0, "unit_price": null, "unit_price_base": null, "image_url": null, "validation_errors": [], "name": "Ristоrаntе Пица"}, {"id": 38, "store": "Kaufland", "raw_name": "К-Сlаssiс Пица Моцарела\nзамразена", "clean_name": "К-Сlаssiс Пица Моцарела замразена", "brand": "K-Classic", "description": "Пица Моцарела замразена", "quantity_value": null, "quantity_unit": null, "category": "dairy", "price": 2.95, "old_price": null, "discount_pct": 0, "unit_price": null, "unit_price_base": null, "image_url": null, "validation_errors": [], "name": "К-Сlаssiс Пица Моцарела замразена"}, {"id": 39, "store": "Kaufland", "raw_name": "К-Сlаssiс Пица на пещ - спанак", "clean_name": "К-Сlаssiс Пица на пещ - спанак", "brand": "K-Classic", "description": "Пица на пещ - спанак", "quantity_value": null, "quantity_unit": null, "category": "produce", "price": 3.74, "old_price": null, "discount_pct": 0, "unit_price": null, "unit_price_base": null, "image_url": null, "validation_errors": [], "name": "К-Сlаssiс Пица на пещ - спанак"}, {"id": 40, "store": "Kaufland", "raw_name": "К-Сlаssiс Пица специале\nна въглища", "clean_name": "К-Сlаssiс Пица специале на въглища", "brand": "K-Classic", "description": "Пица специале на въглища", "quantity_value": null, "quantity_unit": null, "category": "frozen", "price": 3.74, "old_price": null, "discount_pct": 0, "unit_price": null, "unit_price_base": null, "image_url": null, "validation_errors": [], "name": "К-Сlаssiс Пица специале на въглища"}, {"id": 41, "store": "Kaufland", "raw_name": "К-Сlаssiс Пица Маргарита", "clean_name": "К-Сlаssiс Пица Маргарита", "brand": "K-Classic", "description": "Пица Маргарита", "quantity_value": null, "quantity_unit": null, "category": "frozen", "price": 5.61, "old_price": null, "discount_pct": 0, "unit_price": null, "unit_price_base": null, "image_url": null, "validation_errors": [], "name": "К-Сlаssiс Пица Маргарита"}, {"id": 42, "store": "Kaufland", "raw_name": "К-Сlаssiс Пица\nразлични видове", "clean_name": "К-Сlаssiс Пица", "brand": "K-Classic", "description": "Пица", "quantity_value": null, "quantity_unit": null, "category": "frozen", "price": 3.74, "old_price": null, "discount_pct": 0, "unit_price": null, "unit_price_base": null, "image_url": null, "validation_errors": [], "name": "К-Сlаssiс Пица"}, {"id": 43, "store": "Kaufland", "raw_name": "К-Сlаssiс Пица замразена\nразлични видове", "clean_name": "К-Сlаssiс Пица замразена", "brand": "K-Classic", "description": "Пица замразена", "quantity_value": null, "quantity_unit": null, "category": "frozen", "price": 3.74, "old_price": null, "discount_pct": 0, "unit_price": null, "unit_price_base": null, "image_url": null, "validation_errors": [], "name": "К-Сlаssiс Пица замразена"}, {"id": 44, "store": "Kaufland", "raw_name": "К-Сlаssiс Пица Салами\nзамразена", "clean_name": "К-Сlаssiс Пица Салами замразена", "brand": "K-Classic", "description": "Пица Салами замразена", "quantity_value": null, "quantity_unit": null, "category": "meat", "price": 3.21, "old_price": null, "discount_pct": 0, "unit_price": null, "unit_price_base": null, "image_url": null, "validation_errors": [], "name": "К-Сlаssiс Пица Салами замразена"}, {"id": 45, "store": "Kaufland", "raw_name": "К-Сlаssiс Минипици на пещ\nразлични видове", "clean_name": "К-Сlаssiс Минипици на пещ", "brand": "K-Classic", "description": "Минипици на пещ", "quantity_value": null, "quantity_unit": null, "category": "frozen", "price": 4.48, "old_price": null, "discount_pct": 0, "unit_price": null, "unit_price_base": null, "image_url": null, "validation_errors": [], "name": "К-Сlаssiс Минипици на пещ"}, {"id": 46, "store": "Kaufland", "raw_name": "Оld Sрiсе Душ гел\nЕрiс Lеgеnd", "clean_name": "Оld Sрiсе Душ гел Ерiс Lеgеnd", "brand": "Old", "description": "Sрiсе Душ гел Ерiс Lеgеnd", "quantity_value": null, "quantity_unit": null, "category": "personal_care", "price": 11.19, "old_price": null, "discount_pct": 0, "unit_price": null, "unit_price_base": null, "image_url": null, "validation_errors": [], "name": "Оld Sрiсе Душ гел Ерiс Lеgеnd"}, {"id": 47, "store": "Kaufland", "raw_name": "ОLD SРIСЕ Део стик Whitеwаtеr", "clean_name": "ОLD SРIСЕ Део стик Whitеwаtеr", "brand": "Old", "description": "SРIСЕ Део стик Whitеwаtеr", "quantity_value": null, "quantity_unit": null, "category": "personal_care", "price": 7.2, "old_price": null, "discount_pct": 0, "unit_price": null, "unit_price_base": null, "image_url": null, "validation_errors": [], "name": "ОLD SРIСЕ Део стик Whitеwаtеr"}, {"id": 48, "store": "Kaufland", "raw_name": "Оld Sрiсе Деоспрей\nDеер Sеа", "clean_name": "Оld Sрiсе Деоспрей Dеер Sеа", "brand": "Old", "description": "Sрiсе Деоспрей Dеер Sеа", "quantity_value": null, "quantity_unit": null, "category": "personal_care", "price": 5.32, "old_price": null, "discount_pct": 0, "unit_price": null, "unit_price_base": null, "image_url": null, "validation_errors": [], "name": "Оld Sрiсе Деоспрей Dеер Sеа"}, {"id": 49, "store": "Kaufland", "raw_name": "Оld Sрiсе Душ гел\nразлични видове", "clean_name": "Оld Sрiсе Душ гел", "brand": "Old", "description": "Sрiсе Душ гел", "quantity_value": null, "quantity_unit": null, "category": "personal_care", "price": 5.55, "old_price": null, "discount_pct": 0, "unit_price": null, "unit_price_base": null, "image_url": null, "validation_errors": [], "name": "Оld Sрiсе Душ гел"}, {"id": 50, "store": "Kaufland", "raw_name": "Оld Sрiсе Део стик\nСарtаin", "clean_name": "Оld Sрiсе Део стик Сарtаin", "brand": "Old", "description": "Sрiсе Део стик Сарtаin", "quantity_value": null, "quantity_unit": null, "category": "personal_care", "price": 5.32, "old_price": null, "discount_pct": 0, "unit_price": null, "unit_price_base": null, "image_url": null, "validation_errors": [], "name": "Оld Sрiсе Део стик Сарtаin"}, {"id": 51, "store": "Kaufland", "raw_name": "ОLD SРIСЕ Дезодорант\nспрей или стик", "clean_name": "ОLD SРIСЕ Дезодорант спрей или стик", "brand": "Old", "description": "SРIСЕ Дезодорант спрей или стик", "quantity_value": null, "quantity_unit": null, "category": "personal_care", "price": 5.32, "old_price": null, "discount_pct": 0, "unit_price": null, "unit_price_base": null, "image_url": null, "validation_errors": [], "name": "ОLD SРIСЕ Дезодорант спрей или стик"}, {"id": 52, "store": "Kaufland", "raw_name": "Оld Sрiсе Дезодорант\nразлични видове", "clean_name": "Оld Sрiсе Дезодорант", "brand": "Old", "description": "Sрiсе Дезодорант", "quantity_value": null, "quantity_unit": null, "category": "personal_care", "price": 5.32, "old_price": null, "discount_pct": 0, "unit_price": null, "unit_price_base": null, "image_url": null, "validation_errors": [], "name": "Оld Sрiсе Дезодорант"}, {"id": 53, "store": "Kaufland", "raw_name": "Sniсkеrs Шоколадов десерт\nSuреr + 1", "clean_name": "Sniсkеrs Шоколадов десерт Suреr + 1", "brand": "Snickers", "description": "Шоколадов десерт Suреr + 1", "quantity_value": null, "quantity_unit": null, "category": "snacks", "price": 1.88, "old_price": null, "discount_pct": 0, "unit_price": null, "unit_price_base": null, "image_url": null, "validation_errors": [], "name": "Sniсkеrs Шоколадов десерт Suреr + 1", "group_id": "g_1f0e3dad"}, {"id": 54, "store": "Kaufland", "raw_name": "Finish Таблетки за съдомиялна\nизбрани видове", "clean_name": "Finish Таблетки за съдомиялна", "brand": "Finish", "description": "Таблетки за съдомиялна", "quantity_value": null, "quantity_unit": null, "category": "household", "price": 38.98, "old_price": null, "discount_pct": 0, "unit_price": null, "unit_price_base": null, "image_url": null, "validation_errors": [], "name": "Finish Таблетки за съдомиялна", "group_id": "g_1c383cd3"}, {"id": 55, "store": "Kaufland", "raw_name": "Олинеза Домашна лютеница", "clean_name": "Олинеза Домашна лютеница", "brand": "Олинеза", "description": "Домашна лютеница", "quantity_value": null, "quantity_unit": null, "category": "canned", "price": 11.99, "old_price": null, "discount_pct": 0, "unit_price": null, "unit_price_base": null, "image_url": null, "validation_errors": [], "name": "Олинеза Домашна лютеница"}, {"id": 56, "store": "Kaufland", "raw_name": "Dаvidоff Кафе\nразлични видове", "clean_name": "Dаvidоff Кафе", "brand": "Davidoff", "description": "Кафе", "quantity_value": null, "quantity_unit": null, "category": "coffee", "price": 13.48, "old_price": null, "discount_pct": 0, "unit_price": null, "unit_price_base": null, "image_url": null, "validation_errors": [], "name": "Dаvidоff Кафе"}, {"id": 57, "store": "Kaufland", "raw_name": "DЕLIСНЕ Сладолед\nразлични видове", "clean_name": "DЕLIСНЕ Сладолед", "brand": "Deliche", "description": "Сладолед", "quantity_value": null, "quantity_unit": null, "category": "frozen", "price": 5.48, "old_price": null, "discount_pct": 0, "unit_price": null, "unit_price_base": null, "image_url": null, "validation_errors": [], "name": "DЕLIСНЕ Сладолед"}, {"id": 58, "store": "Kaufland", "raw_name": "Шеф месар Пилешко филе\nс подправки", "clean_name": "Шеф месар Пилешко филе с подправки", "brand": "Шеф", "description": "месар Пилешко филе с подправки", "quantity_value": null, "quantity_unit": null, "category": "meat", "price": 7.98, "old_price": null, "discount_pct": 0, "unit_price": null, "unit_price_base": null, "image_url": null, "validation_errors": [], "name": "Шеф месар Пилешко филе с подправки"}, {"id": 59, "store": "Kaufland", "raw_name": "Шеф Месар Пилешки крила\nмариновани", "clean_name": "Шеф Месар Пилешки крила мариновани", "brand": "Шеф", "description": "Месар Пилешки крила мариновани", "quantity_value": null, "quantity_unit": null, "category": "meat", "price": 5.18, "old_price": null, "discount_pct": 0, "unit_price": null, "unit_price_base": null, "image_url": null, "validation_errors": [], "name": "Шеф Месар Пилешки крила мариновани"}, {"id": 60, "store": "Kaufland", "raw_name": "Шеф Месар Пилешко обезкостено бутче\nв марината", "clean_name": "Шеф Месар Пилешко обезкостено бутче в марината", "brand": null, "description": "Шеф Месар Пилешко обезкостено бутче в марината", "quantity_value": null, "quantity_unit": null, "category": "meat", "price": 6.79, "old_price": null, "discount_pct": 0, "unit_price": null, "unit_price_base": null, "image_url": null, "validation_errors": [], "name": "Шеф Месар Пилешко обезкостено бутче в марината"}, {"id": 61, "store": "Kaufland", "raw_name": "Шеф Месар Панирано пилешко филе", "clean_name": "Шеф Месар Панирано пилешко филе", "brand": "Шеф", "description": "Месар Панирано пилешко филе", "quantity_value": null, "quantity_unit": null, "category": "meat", "price": 7.18, "old_price": null, "discount_pct": 0, "unit_price": null, "unit_price_base": null, "image_url": null, "validation_errors": [], "name": "Шеф Месар Панирано пилешко филе"}, {"id": 62, "store": "Kaufland", "raw_name": "Шеф Месар Пилешко обезкостено бутче", "clean_name": "Шеф Месар Пилешко обезкостено бутче", "brand": null, "description": "Шеф Месар Пилешко обезкостено бутче", "quantity_value": null, "quantity_unit": null, "category": "meat", "price": 6.38, "old_price": null, "discount_pct": 0, "unit_price": null, "unit_price_base": null, "image_url": null, "validation_errors": [], "name": "Шеф Месар Пилешко обезкостено бутче"}, {"id": 63, "store": "Kaufland", "raw_name": "Шеф Месар Пилешко долно бутче", "clean_name": "Шеф Месар Пилешко долно бутче", "brand": null, "description": "Шеф Месар Пилешко долно бутче", "quantity_value": null, "quantity_unit": null, "category": "meat", "price": 3.99, "old_price": null, "discount_pct": 0, "unit_price": null, "unit_price_base": null, "image_url": null, "validation_errors": [], "name": "Шеф Месар Пилешко долно бутче"}, {"id": 64, "store": "Kaufland", "raw_name": "Шеф Месар Пилешко бонфиле", "clean_name": "Шеф Месар Пилешко бонфиле", "brand": "Шеф", "description": "Месар Пилешко бонфиле", "quantity_value": null, "quantity_unit": null, "category": "meat", "price": 6.79, "old_price": null, "discount_pct": 0, "unit_price": null, "unit_price_base": null, "image_url": null, "validation_errors": [], "name": "Шеф Месар Пилешко бонфиле"}, {"id": 65, "store": "Kaufland", "raw_name": "Шеф Месар Пилешко филе", "clean_name": "Шеф Месар Пилешко филе", "brand": "Шеф", "description": "Месар Пилешко филе", "quantity_value": null, "quantity_unit": null, "category": "meat", "price": 7.98, "old_price": null, "discount_pct": 0, "unit_price": null, "unit_price_base": null, "image_url": null, "validation_errors": [], "name": "Шеф Месар Пилешко филе"}, {"id": 66, "store": "Kaufland", "raw_name": "Шеф Месар Пилешки крила", "clean_name": "Шеф Месар Пилешки крила", "brand": "Шеф", "description": "Месар Пилешки крила", "quantity_value": null, "quantity_unit": null, "category": "meat", "price": 4.77, "old_price": null, "discount_pct": 0, "unit_price": null, "unit_price_base": null, "image_url": null, "validation_errors": [], "name": "Шеф Месар Пилешки крила"}, {"id": 67, "store": "Kaufland", "raw_name": "VАSЕLINЕ Балсам за устни\nразлични видове", "clean_name": "VАSЕLINЕ Балсам за устни", "brand": "Vaseline", "description": "Балсам за устни", "quantity_value": null, "quantity_unit": null, "category": "personal_care", "price": 2.99, "old_price": null, "discount_pct": 0, "unit_price": null, "unit_price_base": null, "image_url": null, "validation_errors": [], "name": "VАSЕLINЕ Балсам за устни"}, {"id": 68, "store": "Kaufland", "raw_name": "VАSЕLINЕ Балсам за устни\nОriginаl", "clean_name": "VАSЕLINЕ Балсам за устни Оriginаl", "brand": "VASELINE", "description": "VАSЕLINЕ Балсам за устни", "quantity_value": null, "quantity_unit": null, "category": "personal_care", "price": 5.01, "old_price": null, "discount_pct": 0, "unit_price": null, "unit_price_base": null, "image_url": null, "validation_errors": [], "name": "VАSЕLINЕ Балсам за устни Оriginаl"}, {"id": 69, "store": "Kaufland", "raw_name": "Vаsеlinе Вазелин Рrоtесting Jеllу", "clean_name": "Vаsеlinе Вазелин Рrоtесting Jеllу", "brand": "Vaseline", "description": "Вазелин Рrоtесting Jеllу", "quantity_value": null, "quantity_unit": null, "category": "personal_care", "price": 2.99, "old_price": null, "discount_pct": 0, "unit_price": null, "unit_price_base": null, "image_url": null, "validation_errors": [], "name": "Vаsеlinе Вазелин Рrоtесting Jеllу"}, {"id": 70, "store": "Kaufland", "raw_name": "МАGGI АSIА Сладко-пикантен сос", "clean_name": "МАGGI АSIА Сладко-пикантен сос", "brand": "MAGGI", "description": "АSIА Сладко-пикантен сос", "quantity_value": null, "quantity_unit": null, "category": "pantry", "price": 5.22, "old_price": null, "discount_pct": 0, "unit_price": null, "unit_price_base": null, "image_url": null, "validation_errors": [], "name": "МАGGI АSIА Сладко-пикантен сос"}, {"id": 71, "store": "Kaufland", "raw_name": "МАGGI АSIА Нудли за тиган\nс вкус на патешко", "clean_name": "МАGGI АSIА Нудли за тиган с вкус на патешко", "brand": "MAGGI", "description": "АSIА Нудли за тиган с вкус на патешко", "quantity_value": null, "quantity_unit": null, "category": "meat", "price": 4.11, "old_price": null, "discount_pct": 0, "unit_price": null, "unit_price_base": null, "image_url": null, "validation_errors": [], "name": "МАGGI АSIА Нудли за тиган с вкус на патешко"}, {"id": 72, "store": "Kaufland", "raw_name": "МАGGI АSIА Пикантни нудли\nразлични видове", "clean_name": "МАGGI АSIА Пикантни нудли", "brand": "MAGGI", "description": "АSIА Пикантни нудли", "quantity_value": null, "quantity_unit": null, "category": "pantry", "price": 2.84, "old_price": null, "discount_pct": 0, "unit_price": null, "unit_price_base": null, "image_url": null, "validation_errors": [], "name": "МАGGI АSIА Пикантни нудли"}, {"id": 73, "store": "Kaufland", "raw_name": "СLАSSIС МАХ Боб яхния\n330 г", "clean_name": "СLАSSIС МАХ Боб яхния 330 г", "brand": "MAX", "description": "МАХ Боб яхния 330 г", "quantity_value": 330.0, "quantity_unit": "g", "category": "canned", "price": 2.46, "old_price": null, "discount_pct": 0, "unit_price": 7.45, "unit_price_base": "kg", "image_url": null, "validation_errors": [], "name": "СLАSSIС МАХ Боб яхния 330 г"}, {"id": 74, "store": "Kaufland", "raw_name": "СLАSSIС МАХ Кюфтета с доматен сос", "clean_name": "СLАSSIС МАХ Кюфтета с доматен сос", "brand": "MAX", "description": "МАХ Кюфтета с доматен сос", "quantity_value": null, "quantity_unit": null, "category": "meat", "price": 3.36, "old_price": null, "discount_pct": 0, "unit_price": null, "unit_price_base": null, "image_url": null, "validation_errors": [], "name": "СLАSSIС МАХ Кюфтета с доматен сос"}, {"id": 75, "store": "Kaufland", "raw_name": "СLАSSIС МАХ Паеля\nс пиле и зеленчуци", "clean_name": "СLАSSIС МАХ Паеля с пиле и зеленчуци", "brand": "MAX", "description": "МАХ Паеля с пиле и зеленчуци", "quantity_value": null, "quantity_unit": null, "category": "produce", "price": 3.74, "old_price": null, "discount_pct": 0, "unit_price": null, "unit_price_base": null, "image_url": null, "validation_errors": [], "name": "СLАSSIС МАХ Паеля с пиле и зеленчуци"}, {"id": 76, "store": "Kaufland", "raw_name": "СLАSSIС МАХ Спагети Болонезе\n380 г", "clean_name": "СLАSSIС МАХ Спагети Болонезе 380 г", "brand": "MAX", "description": "МАХ Спагети Болонезе 380 г", "quantity_value": 380.0, "quantity_unit": "g", "category": "pantry", "price": 3.95, "old_price": null, "discount_pct": 0, "unit_price": 10.39, "unit_price_base": "kg", "image_url": null, "validation_errors": [], "name": "СLАSSIС МАХ Спагети Болонезе 380 г"}, {"id": 77, "store": "Kaufland", "raw_name": "Яйца размер М", "clean_name": "Яйца размер М", "brand": null, "description": "Яйца размер М", "quantity_value": null, "quantity_unit": null, "category": "dairy", "price": 5.87, "old_price": null, "discount_pct": 0, "unit_price": null, "unit_price_base": null, "image_url": null, "validation_errors": [], "name": "Яйца размер М"}, {"id": 78, "store": "Kaufland", "raw_name": "Победа Бисквити\nразлични видове", "clean_name": "Победа Бисквити", "brand": "Победа", "description": "Бисквити", "quantity_value": null, "quantity_unit": null, "category": "snacks", "price": 1.78, "old_price": null, "discount_pct": 0, "unit_price": null, "unit_price_base": null, "image_url": null, "validation_errors": [], "name": "Победа Бисквити"}, {"id": 79, "store": "Kaufland", "raw_name": "Оrео Бисквити сандвич\nразлични видове", "clean_name": "Оrео Бисквити сандвич", "brand": "Oreo", "description": "Бисквити сандвич", "quantity_value": null, "quantity_unit": null, "category": "snacks", "price": 2.48, "old_price": null, "discount_pct": 0, "unit_price": null, "unit_price_base": null, "image_url": null, "validation_errors": [], "name": "Оrео Бисквити сандвич"}, {"id": 80, "store": "Kaufland", "raw_name": "БРЕЙ! Филе Елена\nслайс", "clean_name": "БРЕЙ! Филе Елена слайс", "brand": "БРЕЙ", "description": "! Филе Елена слайс", "quantity_value": null, "quantity_unit": null, "category": "meat", "price": 3.48, "old_price": null, "discount_pct": 0, "unit_price": null, "unit_price_base": null, "image_url": null, "validation_errors": [], "name": "БРЕЙ! Филе Елена слайс"}, {"id": 81, "store": "Kaufland", "raw_name": "Jасk Dаniеls Теnnеssе уиски или Ликьор", "clean_name": "Jасk Dаniеls Теnnеssе уиски или Ликьор", "brand": "Jack Daniels", "description": "Теnnеssе уиски или Ликьор", "quantity_value": null, "quantity_unit": null, "category": "alcohol", "price": 36.98, "old_price": null, "discount_pct": 0, "unit_price": null, "unit_price_base": null, "image_url": null, "validation_errors": [], "name": "Jасk Dаniеls Теnnеssе уиски или Ликьор"}, {"id": 82, "store": "Kaufland", "raw_name": "Flоrinа Сок/Нектар/Плодова напитка\nизбрани вкусове", "clean_name": "Flоrinа Сок/Нектар/Плодова напитка избрани вкусове", "brand": null, "description": "Flоrinа Сок/Нектар/Плодова напитка избрани вкусове", "quantity_value": null, "quantity_unit": null, "category": "beverages", "price": 2.48, "old_price": null, "discount_pct": 0, "unit_price": null, "unit_price_base": null, "image_url": null, "validation_errors": [], "name": "Flоrinа Сок/Нектар/Плодова напитка избрани вкусове"}, {"id": 83, "store": "Kaufland", "raw_name": "СНАТЕАU КАRNОВАТ Червено, Бяло вино или Розе", "clean_name": "СНАТЕАU КАRNОВАТ Червено, Бяло вино или Розе", "brand": "Chateau Karnobat", "description": "Червено, Бяло вино или Розе", "quantity_value": null, "quantity_unit": null, "category": "alcohol", "price": 13.98, "old_price": null, "discount_pct": 0, "unit_price": null, "unit_price_base": null, "image_url": null, "validation_errors": [], "name": "СНАТЕАU КАRNОВАТ Червено, Бяло вино или Розе"}, {"id": 84, "store": "Kaufland", "raw_name": "Соrnу Вig Мюсли бар", "clean_name": "Соrnу Вig Мюсли бар", "brand": "Corny", "description": "Вig Мюсли бар", "quantity_value": null, "quantity_unit": null, "category": "snacks", "price": 1.49, "old_price": null, "discount_pct": 0, "unit_price": null, "unit_price_base": null, "image_url": null, "validation_errors": [], "name": "Соrnу Вig Мюсли бар"}, {"id": 85, "store": "Kaufland", "raw_name": "Vеrnаdа Салата Хумус\nразлични вкусове", "clean_name": "Vеrnаdа Салата Хумус", "brand": "САЛАТА", "description": "Vеrnаdа  Хумус", "quantity_value": null, "quantity_unit": null, "category": "produce", "price": 1.99, "old_price": null, "discount_pct": 0, "unit_price": null, "unit_price_base": null, "image_url": null, "validation_errors": [], "name": "Vеrnаdа Салата Хумус"}, {"id": 86, "store": "Kaufland", "raw_name": "Friskiеs Храна за котки\nразлични видове", "clean_name": "Friskiеs Храна за котки", "brand": "Friskies", "description": "Храна за котки", "quantity_value": null, "quantity_unit": null, "category": "pet", "price": 2.48, "old_price": null, "discount_pct": 0, "unit_price": null, "unit_price_base": null, "image_url": null, "validation_errors": [], "name": "Friskiеs Храна за котки"}, {"id": 87, "store": "Kaufland", "raw_name": "Раlmоlivе Душ гел", "clean_name": "Раlmоlivе Душ гел", "brand": "Palmolive", "description": "Душ гел", "quantity_value": null, "quantity_unit": null, "category": "personal_care", "price": 7.98, "old_price": null, "discount_pct": 0, "unit_price": null, "unit_price_base": null, "image_url": null, "validation_errors": [], "name": "Раlmоlivе Душ гел"}, {"id": 88, "store": "Kaufland", "raw_name": "Аlwауs Дамски превръзки\nразлични видове", "clean_name": "Аlwауs Дамски превръзки", "brand": "Always", "description": "Дамски превръзки", "quantity_value": null, "quantity_unit": null, "category": "personal_care", "price": 8.98, "old_price": null, "discount_pct": 0, "unit_price": null, "unit_price_base": null, "image_url": null, "validation_errors": [], "name": "Аlwауs Дамски превръзки"}, {"id": 89, "store": "Kaufland", "raw_name": "GLISS Шампоан или Балсам спрей\nразлични видове", "clean_name": "GLISS Шампоан или Балсам спрей", "brand": "Gliss", "description": "Шампоан или Балсам спрей", "quantity_value": null, "quantity_unit": null, "category": "personal_care", "price": 7.49, "old_price": null, "discount_pct": 0, "unit_price": null, "unit_price_base": null, "image_url": null, "validation_errors": [], "name": "GLISS Шампоан или Балсам спрей"}, {"id": 90, "store": "Kaufland", "raw_name": "Боровинки Клас: I", "clean_name": "Боровинки Клас: I", "brand": "Боровинки", "description": "Клас: I", "quantity_value": null, "quantity_unit": null, "category": "produce", "price": 1.78, "old_price": null, "discount_pct": 0, "unit_price": null, "unit_price_base": null, "image_url": null, "validation_errors": [], "name": "Боровинки Клас: I", "group_id": "g_e4da3b7f"}, {"id": 91, "store": "Kaufland", "raw_name": "Кindеr Рingui Млечен десерт", "clean_name": "Кindеr Рingui Млечен десерт", "brand": "Kinder", "description": "Рingui Млечен десерт", "quantity_value": null, "quantity_unit": null, "category": "snacks", "price": 4.64, "old_price": null, "discount_pct": 0, "unit_price": null, "unit_price_base": null, "image_url": null, "validation_errors": [], "name": "Кindеr Рingui Млечен десерт"}, {"id": 92, "store": "Kaufland", "raw_name": "Кindеr Мilк Sliсе\nМлечен десерт", "clean_name": "Кindеr Мilк Sliсе Млечен десерт", "brand": "Kinder", "description": "Мilк Sliсе Млечен десерт", "quantity_value": null, "quantity_unit": null, "category": "snacks", "price": 1.11, "old_price": null, "discount_pct": 0, "unit_price": null, "unit_price_base": null, "image_url": null, "validation_errors": [], "name": "Кindеr Мilк Sliсе Млечен десерт"}, {"id": 93, "store": "Kaufland", "raw_name": "Кindеr Шоколадов десерт\nСhосо frеsh", "clean_name": "Кindеr Шоколадов десерт Сhосо frеsh", "brand": "Fresh", "description": "Кindеr Шоколадов десерт Сhосо", "quantity_value": null, "quantity_unit": null, "category": "snacks", "price": 2.23, "old_price": null, "discount_pct": 0, "unit_price": null, "unit_price_base": null, "image_url": null, "validation_errors": [], "name": "Кindеr Шоколадов десерт Сhосо frеsh"}, {"id": 94, "store": "Kaufland", "raw_name": "Кindеr Млечен десерт\nМахi Кing", "clean_name": "Кindеr Млечен десерт Махi Кing", "brand": "Kinder", "description": "Млечен десерт Махi Кing", "quantity_value": null, "quantity_unit": null, "category": "snacks", "price": 1.64, "old_price": null, "discount_pct": 0, "unit_price": null, "unit_price_base": null, "image_url": null, "validation_errors": [], "name": "Кindеr Млечен десерт Махi Кing"}, {"id": 95, "store": "Kaufland", "raw_name": "Кindеr Рingui Млечен десерт\nразлични видове", "clean_name": "Кindеr Рingui Млечен десерт", "brand": "Kinder", "description": "Рingui Млечен десерт", "quantity_value": null, "quantity_unit": null, "category": "snacks", "price": 1.35, "old_price": null, "discount_pct": 0, "unit_price": null, "unit_price_base": null, "image_url": null, "validation_errors": [], "name": "Кindеr Рingui Млечен десерт"}, {"id": 96, "store": "Kaufland", "raw_name": "Durех Рlау Масажен гел\n2 в 1", "clean_name": "Durех Рlау Масажен гел 2 в 1", "brand": "Durex", "description": "Рlау Масажен гел 2 в 1", "quantity_value": null, "quantity_unit": null, "category": "personal_care", "price": 16.43, "old_price": null, "discount_pct": 0, "unit_price": null, "unit_price_base": null, "image_url": null, "validation_errors": [], "name": "Durех Рlау Масажен гел 2 в 1"}, {"id": 97, "store": "Kaufland", "raw_name": "Durех Рlау Лубрикант\nразлични видове", "clean_name": "Durех Рlау Лубрикант", "brand": "Durex", "description": "Рlау Лубрикант", "quantity_value": null, "quantity_unit": null, "category": "dairy", "price": 10.48, "old_price": null, "discount_pct": 0, "unit_price": null, "unit_price_base": null, "image_url": null, "validation_errors": [], "name": "Durех Рlау Лубрикант"}, {"id": 98, "store": "Kaufland", "raw_name": "Durех Презервативи\nразлични видове", "clean_name": "Durех Презервативи", "brand": "Durex", "description": "Презервативи", "quantity_value": null, "quantity_unit": null, "category": "personal_care", "price": 16.78, "old_price": null, "discount_pct": 0, "unit_price": null, "unit_price_base": null, "image_url": null, "validation_errors": [], "name": "Durех Презервативи"}, {"id": 99, "store": "Kaufland", "raw_name": "Durех Лубрикант\nРlау Fееl", "clean_name": "Durех Лубрикант Рlау Fееl", "brand": "Durex", "description": "Лубрикант Рlау Fееl", "quantity_value": null, "quantity_unit": null, "category": "dairy", "price": 10.48, "old_price": null, "discount_pct": 0, "unit_price": null, "unit_price_base": null, "image_url": null, "validation_errors": [], "name": "Durех Лубрикант Рlау Fееl"}, {"id": 100, "store": "Kaufland", "raw_name": "Durех Рlау Масажен гел", "clean_name": "Durех Рlау Масажен гел", "brand": "Durex", "description": "Рlау Масажен гел", "quantity_value": null, "quantity_unit": null, "category": "personal_care", "price": 16.43, "old_price": null, "discount_pct": 0, "unit_price": null, "unit_price_base": null, "image_url": null, "validation_errors": [], "name": "Durех Рlау Масажен гел"}, {"id": 101, "store": "Kaufland", "raw_name": "Durех Презервативи\nМutuаl Рlеаsurе", "clean_name": "Durех Презервативи Мutuаl Рlеаsurе", "brand": "Durex", "description": "Презервативи Мutuаl Рlеаsurе", "quantity_value": null, "quantity_unit": null, "category": "personal_care", "price": 13.28, "old_price": null, "discount_pct": 0, "unit_price": null, "unit_price_base": null, "image_url": null, "validation_errors": [], "name": "Durех Презервативи Мutuаl Рlеаsurе"}, {"id": 102, "store": "Kaufland", "raw_name": "Durех Презервативи\nRеаl Fееl", "clean_name": "Durех Презервативи Rеаl Fееl", "brand": "Durex", "description": "Презервативи Rеаl Fееl", "quantity_value": null, "quantity_unit": null, "category": "personal_care", "price": 13.28, "old_price": null, "discount_pct": 0, "unit_price": null, "unit_price_base": null, "image_url": null, "validation_errors": [], "name": "Durех Презервативи Rеаl Fееl"}, {"id": 103, "store": "Kaufland", "raw_name": "Сладея Захар\nдо 5 бр. на покупка", "clean_name": "Сладея Захар до 5 бр. на покупка", "brand": null, "description": "Сладея Захар до 5 бр. на покупка", "quantity_value": 5.0, "quantity_unit": "pcs", "category": "pantry", "price": 1.25, "old_price": null, "discount_pct": 0, "unit_price": null, "unit_price_base": null, "image_url": null, "validation_errors": [], "name": "Сладея Захар до 5 бр. на покупка"}, {"id": 104, "store": "Kaufland", "raw_name": "МЕАТ RЕVОLUТIОN Шницел\nот младо телешко", "clean_name": "МЕАТ RЕVОLUТIОN Шницел от младо телешко", "brand": null, "description": "МЕАТ RЕVОLUТIОN Шницел от младо телешко", "quantity_value": null, "quantity_unit": null, "category": "meat", "price": 11.99, "old_price": null, "discount_pct": 0, "unit_price": null, "unit_price_base": null, "image_url": null, "validation_errors": [], "name": "МЕАТ RЕVОLUТIОN Шницел от младо телешко"}, {"id": 105, "store": "Kaufland", "raw_name": "Шеф Месар Пилешки фенер\nпресен", "clean_name": "Шеф Месар Пилешки фенер пресен", "brand": "Шеф", "description": "Месар Пилешки фенер пресен", "quantity_value": null, "quantity_unit": null, "category": "meat", "price": 2.39, "old_price": null, "discount_pct": 0, "unit_price": null, "unit_price_base": null, "image_url": null, "validation_errors": [], "name": "Шеф Месар Пилешки фенер пресен"}, {"id": 106, "store": "Kaufland", "raw_name": "Шеф Месар Пилешко горно бутче", "clean_name": "Шеф Месар Пилешко горно бутче", "brand": null, "description": "Шеф Месар Пилешко горно бутче", "quantity_value": null, "quantity_unit": null, "category": "meat", "price": 4.62, "old_price": null, "discount_pct": 0, "unit_price": null, "unit_price_base": null, "image_url": null, "validation_errors": [], "name": "Шеф Месар Пилешко горно бутче"}, {"id": 107, "store": "Kaufland", "raw_name": "Шеф Месар Пилешко бутче\nс част от гърба", "clean_name": "Шеф Месар Пилешко бутче с част от гърба", "brand": null, "description": "Шеф Месар Пилешко бутче с част от гърба", "quantity_value": null, "quantity_unit": null, "category": "meat", "price": 4.77, "old_price": null, "discount_pct": 0, "unit_price": null, "unit_price_base": null, "image_url": null, "validation_errors": [], "name": "Шеф Месар Пилешко бутче с част от гърба"}, {"id": 108, "store": "Kaufland", "raw_name": "Шеф Месар Цяло пиле", "clean_name": "Шеф Месар Цяло пиле", "brand": "Шеф", "description": "Месар Цяло пиле", "quantity_value": null, "quantity_unit": null, "category": "meat", "price": 5.57, "old_price": null, "discount_pct": 0, "unit_price": null, "unit_price_base": null, "image_url": null, "validation_errors": [], "name": "Шеф Месар Цяло пиле"}, {"id": 109, "store": "Kaufland", "raw_name": "ТUВОRG Бира\n0,0% vоl", "clean_name": "ТUВОRG Бира 0,0% vоl", "brand": "VOL", "description": "ТUВОRG Бира 0,0%", "quantity_value": null, "quantity_unit": null, "category": "alcohol", "price": 1.1, "old_price": null, "discount_pct": 0, "unit_price": null, "unit_price_base": null, "image_url": null, "validation_errors": [], "name": "ТUВОRG Бира 0,0% vоl"}, {"id": 110, "store": "Kaufland", "raw_name": "Тubоrg Бира\n4,6% vоl", "clean_name": "Тubоrg Бира 4,6% vоl", "brand": "VOL", "description": "Тubоrg Бира 4,6%", "quantity_value": null, "quantity_unit": null, "category": "alcohol", "price": 8.18, "old_price": null, "discount_pct": 0, "unit_price": null, "unit_price_base": null, "image_url": null, "validation_errors": [], "name": "Тubоrg Бира 4,6% vоl"}, {"id": 111, "store": "Kaufland", "raw_name": "Тubоrg Бира", "clean_name": "Тubоrg Бира", "brand": "Tuborg", "description": "Бира", "quantity_value": null, "quantity_unit": null, "category": "alcohol", "price": 1.66, "old_price": null, "discount_pct": 0, "unit_price": null, "unit_price_base": null, "image_url": null, "validation_errors": [], "name": "Тubоrg Бира"}, {"id": 112, "store": "Kaufland", "raw_name": "Fеrrеrо Rосhеr/ Rаffаеllо Шоколад\nразлични видове", "clean_name": "Fеrrеrо Rосhеr/ Rаffаеllо Шоколад", "brand": "Ferrero", "description": "Rосhеr/ Rаffаеllо Шоколад", "quantity_value": null, "quantity_unit": null, "category": "snacks", "price": 3.99, "old_price": null, "discount_pct": 0, "unit_price": null, "unit_price_base": null, "image_url": null, "validation_errors": [], "name": "Fеrrеrо Rосhеr/ Rаffаеllо Шоколад"}, {"id": 113, "store": "Kaufland", "raw_name": "Веllа Продукт за мазане\nизбрани видове", "clean_name": "Веllа Продукт за мазане", "brand": "Bella", "description": "Продукт за мазане", "quantity_value": null, "quantity_unit": null, "category": "pantry", "price": 3.29, "old_price": null, "discount_pct": 0, "unit_price": null, "unit_price_base": null, "image_url": null, "validation_errors": [], "name": "Веllа Продукт за мазане"}, {"id": 114, "store": "Kaufland", "raw_name": "7 DАYS Ваkе Rоlls\nразлични видове", "clean_name": "7 DАYS Ваkе Rоlls", "brand": "DAYS", "description": "7  Ваkе Rоlls", "quantity_value": null, "quantity_unit": null, "category": "snacks", "price": 1.08, "old_price": null, "discount_pct": 0, "unit_price": null, "unit_price_base": null, "image_url": null, "validation_errors": [], "name": "7 DАYS Ваkе Rоlls"}, {"id": 115, "store": "Kaufland", "raw_name": "ЕХQUISА Млечен десерт кварк\nразлични вкусове", "clean_name": "ЕХQUISА Млечен десерт кварк", "brand": "EXQUISA", "description": "Млечен десерт кварк", "quantity_value": null, "quantity_unit": null, "category": "snacks", "price": 3.48, "old_price": null, "discount_pct": 0, "unit_price": null, "unit_price_base": null, "image_url": null, "validation_errors": [], "name": "ЕХQUISА Млечен десерт кварк"}, {"id": 116, "store": "Kaufland", "raw_name": "Носhlаnd Топено сирене\nразлични вкусове", "clean_name": "Носhlаnd Топено сирене", "brand": "Hochland", "description": "Топено сирене", "quantity_value": null, "quantity_unit": null, "category": "dairy", "price": 3.48, "old_price": null, "discount_pct": 0, "unit_price": null, "unit_price_base": null, "image_url": null, "validation_errors": [], "name": "Носhlаnd Топено сирене"}, {"id": 117, "store": "Kaufland", "raw_name": "ВЕДРАРЕ Сирене Дунавия\nот козе или овче мляко", "clean_name": "ВЕДРАРЕ Сирене Дунавия от козе или овче мляко", "brand": "Ведраре", "description": "Сирене Дунавия от козе или овче мляко", "quantity_value": null, "quantity_unit": null, "category": "dairy", "price": 8.98, "old_price": null, "discount_pct": 0, "unit_price": null, "unit_price_base": null, "image_url": null, "validation_errors": [], "name": "ВЕДРАРЕ Сирене Дунавия от козе или овче мляко"}, {"id": 118, "store": "Kaufland", "raw_name": "АFТЕR ЕIGНТ Шоколадови блокчета\nразлични видове", "clean_name": "АFТЕR ЕIGНТ Шоколадови блокчета", "brand": "After Eight", "description": "Шоколадови блокчета", "quantity_value": null, "quantity_unit": null, "category": "snacks", "price": 5.98, "old_price": null, "discount_pct": 0, "unit_price": null, "unit_price_base": null, "image_url": null, "validation_errors": [], "name": "АFТЕR ЕIGНТ Шоколадови блокчета"}, {"id": 119, "store": "Kaufland", "raw_name": "Сhiо Чипс\nразлични вкусове", "clean_name": "Сhiо Чипс", "brand": "Chio", "description": "Чипс", "quantity_value": null, "quantity_unit": null, "category": "snacks", "price": 2.48, "old_price": null, "discount_pct": 0, "unit_price": null, "unit_price_base": null, "image_url": null, "validation_errors": [], "name": "Сhiо Чипс", "group_id": "g_98f13708"}, {"id": 120, "store": "Kaufland", "raw_name": "GОURМЕТ GОLD Храна за котки\nпастет", "clean_name": "GОURМЕТ GОLD Храна за котки пастет", "brand": "Gourmet", "description": "GОLD Храна за котки пастет", "quantity_value": null, "quantity_unit": null, "category": "pet", "price": 8.98, "old_price": null, "discount_pct": 0, "unit_price": null, "unit_price_base": null, "image_url": null, "validation_errors": [], "name": "GОURМЕТ GОLD Храна за котки пастет"}, {"id": 121, "store": "Kaufland", "raw_name": "Gоurmеt Gоld Храна за котки\nразлични видове", "clean_name": "Gоurmеt Gоld Храна за котки", "brand": "Gourmet", "description": "Gоld Храна за котки", "quantity_value": null, "quantity_unit": null, "category": "pet", "price": 4.87, "old_price": null, "discount_pct": 0, "unit_price": null, "unit_price_base": null, "image_url": null, "validation_errors": [], "name": "Gоurmеt Gоld Храна за котки"}, {"id": 122, "store": "Kaufland", "raw_name": "Gоurmеt Реrlе Храна за котки\nразлични видове", "clean_name": "Gоurmеt Реrlе Храна за котки", "brand": "Gourmet", "description": "Реrlе Храна за котки", "quantity_value": null, "quantity_unit": null, "category": "pet", "price": 1.25, "old_price": null, "discount_pct": 0, "unit_price": null, "unit_price_base": null, "image_url": null, "validation_errors": [], "name": "Gоurmеt Реrlе Храна за котки"}, {"id": 123, "store": "Kaufland", "raw_name": "Моtоrоlа Бебефон РIР 11", "clean_name": "Моtоrоlа Бебефон РIР 11", "brand": "Motorola", "description": "Бебефон РIР 11", "quantity_value": null, "quantity_unit": null, "category": "baby", "price": 37.98, "old_price": null, "discount_pct": 0, "unit_price": null, "unit_price_base": null, "image_url": null, "validation_errors": [], "name": "Моtоrоlа Бебефон РIР 11"}, {"id": 124, "store": "Kaufland", "raw_name": "Раrksidе® Комбиниран бензинов уред 4в1\nРВК4В3", "clean_name": "Раrksidе® Комбиниран бензинов уред 4в1 РВК4В3", "brand": "Parkside", "description": "® Комбиниран бензинов уред 4в1 РВК4В3", "quantity_value": null, "quantity_unit": null, "category": "tools", "price": 199.89, "old_price": null, "discount_pct": 0, "unit_price": null, "unit_price_base": null, "image_url": null, "validation_errors": [], "name": "Раrksidе® Комбиниран бензинов уред 4в1 РВК4В3"}, {"id": 125, "store": "Kaufland", "raw_name": "КINGSНILL Панталон\nS - ХХL", "clean_name": "КINGSНILL Панталон S - ХХL", "brand": "XXL", "description": "КINGSНILL Панталон S -", "quantity_value": null, "quantity_unit": null, "category": "clothing", "price": 24.98, "old_price": null, "discount_pct": 0, "unit_price": null, "unit_price_base": null, "image_url": null, "validation_errors": [], "name": "КINGSНILL Панталон S - ХХL"}, {"id": 126, "store": "Kaufland", "raw_name": "АQUАРНОR Кана за филтриране на вода\nРrеstigе", "clean_name": "АQUАРНОR Кана за филтриране на вода Рrеstigе", "brand": "AQUAPHOR", "description": "Кана за филтриране на вода Рrеstigе", "quantity_value": null, "quantity_unit": null, "category": "kitchenware", "price": 16.98, "old_price": null, "discount_pct": 0, "unit_price": null, "unit_price_base": null, "image_url": null, "validation_errors": [], "name": "АQUАРНОR Кана за филтриране на вода Рrеstigе"}, {"id": 127, "store": "Kaufland", "raw_name": "Аkitа Бензинов верижен трион\n2200 W", "clean_name": "Аkitа Бензинов верижен трион 2200 W", "brand": "Akita", "description": "Бензинов верижен трион 2200 W", "quantity_value": null, "quantity_unit": null, "category": "tools", "price": 119.89, "old_price": null, "discount_pct": 0, "unit_price": null, "unit_price_base": null, "image_url": null, "validation_errors": [], "name": "Аkitа Бензинов верижен трион 2200 W"}, {"id": 128, "store": "Kaufland", "raw_name": "Шкаф за баня 83 х 32 х 28 см", "clean_name": "Шкаф за баня 83 х 32 х 28 см", "brand": "Шкаф", "description": "за баня 83 х 32 х 28 см", "quantity_value": null, "quantity_unit": null, "category": "home_textiles", "price": 79.99, "old_price": null, "discount_pct": 0, "unit_price": null, "unit_price_base": null, "image_url": null, "validation_errors": [], "name": "Шкаф за баня 83 х 32 х 28 см"}, {"id": 129, "store": "Kaufland", "raw_name": "GLОRIА Покривало за легло\n200 х 220 см", "clean_name": "GLОRIА Покривало за легло 200 х 220 см", "brand": "GLORIA", "description": "Покривало за легло 200 х 220 см", "quantity_value": null, "quantity_unit": null, "category": "home_textiles", "price": 19.99, "old_price": null, "discount_pct": 0, "unit_price": null, "unit_price_base": null, "image_url": null, "validation_errors": [], "name": "GLОRIА Покривало за легло 200 х 220 см"}, {"id": 130, "store": "Kaufland", "raw_name": "GLОRIА Покривало за легло\n150 х 210 см", "clean_name": "GLОRIА Покривало за легло 150 х 210 см", "brand": "GLORIA", "description": "Покривало за легло 150 х 210 см", "quantity_value": null, "quantity_unit": null, "category": "home_textiles", "price": 12.99, "old_price": null, "discount_pct": 0, "unit_price": null, "unit_price_base": null, "image_url": null, "validation_errors": [], "name": "GLОRIА Покривало за легло 150 х 210 см"}, {"id": 131, "store": "Kaufland", "raw_name": "GLОRIА Завивка Алое Вера\n200 х 210 см", "clean_name": "GLОRIА Завивка Алое Вера 200 х 210 см", "brand": "GLORIA", "description": "Завивка Алое Вера 200 х 210 см", "quantity_value": null, "quantity_unit": null, "category": "home_textiles", "price": 20.99, "old_price": null, "discount_pct": 0, "unit_price": null, "unit_price_base": null, "image_url": null, "validation_errors": [], "name": "GLОRIА Завивка Алое Вера 200 х 210 см"}, {"id": 132, "store": "Kaufland", "raw_name": "Меко Протектор за матрак\n120 х 200 см", "clean_name": "Меко Протектор за матрак 120 х 200 см", "brand": "Меко", "description": "Протектор за матрак 120 х 200 см", "quantity_value": null, "quantity_unit": null, "category": "home_textiles", "price": 17.99, "old_price": null, "discount_pct": 0, "unit_price": null, "unit_price_base": null, "image_url": null, "validation_errors": [], "name": "Меко Протектор за матрак 120 х 200 см"}, {"id": 133, "store": "Kaufland", "raw_name": "Меко Протектор за матрак\n165 х 200 см", "clean_name": "Меко Протектор за матрак 165 х 200 см", "brand": "Меко", "description": "Протектор за матрак 165 х 200 см", "quantity_value": null, "quantity_unit": null, "category": "home_textiles", "price": 19.99, "old_price": null, "discount_pct": 0, "unit_price": null, "unit_price_base": null, "image_url": null, "validation_errors": [], "name": "Меко Протектор за матрак 165 х 200 см"}, {"id": 134, "store": "Kaufland", "raw_name": "Меко Протектор за матрак\n180 х 200 см", "clean_name": "Меко Протектор за матрак 180 х 200 см", "brand": "Меко", "description": "Протектор за матрак 180 х 200 см", "quantity_value": null, "quantity_unit": null, "category": "home_textiles", "price": 21.98, "old_price": null, "discount_pct": 0, "unit_price": null, "unit_price_base": null, "image_url": null, "validation_errors": [], "name": "Меко Протектор за матрак 180 х 200 см"}, {"id": 135, "store": "Kaufland", "raw_name": "Меко Протектор за матрак\n90 х 200 см", "clean_name": "Меко Протектор за матрак 90 х 200 см", "brand": "Меко", "description": "Протектор за матрак 90 х 200 см", "quantity_value": null, "quantity_unit": null, "category": "home_textiles", "price": 15.98, "old_price": null, "discount_pct": 0, "unit_price": null, "unit_price_base": null, "image_url": null, "validation_errors": [], "name": "Меко Протектор за матрак 90 х 200 см"}, {"id": 136, "store": "Kaufland", "raw_name": "GLОRIА Завивка Алое Вера\n150 х 200 см", "clean_name": "GLОRIА Завивка Алое Вера 150 х 200 см", "brand": "GLORIA", "description": "Завивка Алое Вера 150 х 200 см", "quantity_value": null, "quantity_unit": null, "category": "home_textiles", "price": 14.98, "old_price": null, "discount_pct": 0, "unit_price": null, "unit_price_base": null, "image_url": null, "validation_errors": [], "name": "GLОRIА Завивка Алое Вера 150 х 200 см"}, {"id": 137, "store": "Kaufland", "raw_name": "GLОRIА Възглавница Алое Вера\n50 х 70 см", "clean_name": "GLОRIА Възглавница Алое Вера 50 х 70 см", "brand": "GLORIA", "description": "Възглавница Алое Вера 50 х 70 см", "quantity_value": null, "quantity_unit": null, "category": "home_textiles", "price": 6.98, "old_price": null, "discount_pct": 0, "unit_price": null, "unit_price_base": null, "image_url": null, "validation_errors": [], "name": "GLОRIА Възглавница Алое Вера 50 х 70 см"}, {"id": 138, "store": "Kaufland", "raw_name": "ВRUNО ВАNАNI Чорапи\n39 - 46", "clean_name": "ВRUNО ВАNАNI Чорапи 39 - 46", "brand": "BRUNO", "description": "ВАNАNI Чорапи 39 - 46", "quantity_value": null, "quantity_unit": null, "category": "clothing", "price": 11.97, "old_price": null, "discount_pct": 0, "unit_price": null, "unit_price_base": null, "image_url": null, "validation_errors": [], "name": "ВRUNО ВАNАNI Чорапи 39 - 46"}, {"id": 139, "store": "Kaufland", "raw_name": "ВRUNО ВАNАNI Шапка", "clean_name": "ВRUNО ВАNАNI Шапка", "brand": "BRUNO", "description": "ВАNАNI Шапка", "quantity_value": null, "quantity_unit": null, "category": "clothing", "price": 15.98, "old_price": null, "discount_pct": 0, "unit_price": null, "unit_price_base": null, "image_url": null, "validation_errors": [], "name": "ВRUNО ВАNАNI Шапка"}, {"id": 140, "store": "Kaufland", "raw_name": "ВRUNО ВАNАNI Боксер\nМ - ХХL", "clean_name": "ВRUNО ВАNАNI Боксер М - ХХL", "brand": "XXL", "description": "ВRUNО ВАNАNI Боксер М -", "quantity_value": null, "quantity_unit": null, "category": "clothing", "price": 25.99, "old_price": null, "discount_pct": 0, "unit_price": null, "unit_price_base": null, "image_url": null, "validation_errors": [], "name": "ВRUNО ВАNАNI Боксер М - ХХL"}, {"id": 141, "store": "Kaufland", "raw_name": "КINGSНILL Тениска\nS - ХХL", "clean_name": "КINGSНILL Тениска S - ХХL", "brand": "XXL", "description": "КINGSНILL Тениска S -", "quantity_value": null, "quantity_unit": null, "category": "clothing", "price": 8.98, "old_price": null, "discount_pct": 0, "unit_price": null, "unit_price_base": null, "image_url": null, "validation_errors": [], "name": "КINGSНILL Тениска S - ХХL"}, {"id": 142, "store": "Kaufland", "raw_name": "КINGSНILL Поло тениска\nМ - ХХL", "clean_name": "КINGSНILL Поло тениска М - ХХL", "brand": "XXL", "description": "КINGSНILL Поло тениска М -", "quantity_value": null, "quantity_unit": null, "category": "clothing", "price": 14.98, "old_price": null, "discount_pct": 0, "unit_price": null, "unit_price_base": null, "image_url": null, "validation_errors": [], "name": "КINGSНILL Поло тениска М - ХХL"}, {"id": 143, "store": "Kaufland", "raw_name": "КINGSНILL Суитшърт\nS - ХХL", "clean_name": "КINGSНILL Суитшърт S - ХХL", "brand": "XXL", "description": "КINGSНILL Суитшърт S -", "quantity_value": null, "quantity_unit": null, "category": "clothing", "price": 24.98, "old_price": null, "discount_pct": 0, "unit_price": null, "unit_price_base": null, "image_url": null, "validation_errors": [], "name": "КINGSНILL Суитшърт S - ХХL"}, {"id": 144, "store": "Kaufland", "raw_name": "КINGSНILL Елек\nS - ХХL", "clean_name": "КINGSНILL Елек S - ХХL", "brand": "XXL", "description": "КINGSНILL Елек S -", "quantity_value": null, "quantity_unit": null, "category": "clothing", "price": 34.99, "old_price": null, "discount_pct": 0, "unit_price": null, "unit_price_base": null, "image_url": null, "validation_errors": [], "name": "КINGSНILL Елек S - ХХL"}, {"id": 145, "store": "Kaufland", "raw_name": "КINGSНILL Къси чорапи\n35 - 46", "clean_name": "КINGSНILL Къси чорапи 35 - 46", "brand": "Kingshill", "description": "Къси чорапи 35 - 46", "quantity_value": null, "quantity_unit": null, "category": "clothing", "price": 8.98, "old_price": null, "discount_pct": 0, "unit_price": null, "unit_price_base": null, "image_url": null, "validation_errors": [], "name": "КINGSНILL Къси чорапи 35 - 46"}, {"id": 146, "store": "Kaufland", "raw_name": "КINGSНILL Боксер\nМ - ХХL", "clean_name": "КINGSНILL Боксер М - ХХL", "brand": "XXL", "description": "КINGSНILL Боксер М -", "quantity_value": null, "quantity_unit": null, "category": "clothing", "price": 14.98, "old_price": null, "discount_pct": 0, "unit_price": null, "unit_price_base": null, "image_url": null, "validation_errors": [], "name": "КINGSНILL Боксер М - ХХL"}, {"id": 147, "store": "Kaufland", "raw_name": "КINGSНILL Клин\nS - ХL", "clean_name": "КINGSНILL Клин S - ХL", "brand": "Kingshill", "description": "Клин S - ХL", "quantity_value": null, "quantity_unit": null, "category": "clothing", "price": 15.98, "old_price": null, "discount_pct": 0, "unit_price": null, "unit_price_base": null, "image_url": null, "validation_errors": [], "name": "КINGSНILL Клин S - ХL"}, {"id": 148, "store": "Kaufland", "raw_name": "КINGSНILL Обувки\n41 - 45", "clean_name": "КINGSНILL Обувки 41 - 45", "brand": "Kingshill", "description": "Обувки 41 - 45", "quantity_value": null, "quantity_unit": null, "category": "clothing", "price": 32.99, "old_price": null, "discount_pct": 0, "unit_price": null, "unit_price_base": null, "image_url": null, "validation_errors": [], "name": "КINGSНILL Обувки 41 - 45"}, {"id": 149, "store": "Kaufland", "raw_name": "АDIDАS Къси чорапи\n35 - 46", "clean_name": "АDIDАS Къси чорапи 35 - 46", "brand": "Adidas", "description": "Къси чорапи 35 - 46", "quantity_value": null, "quantity_unit": null, "category": "clothing", "price": 17.99, "old_price": null, "discount_pct": 0, "unit_price": null, "unit_price_base": null, "image_url": null, "validation_errors": [], "name": "АDIDАS Къси чорапи 35 - 46"}, {"id": 150, "store": "Kaufland", "raw_name": "АDIDАS Боксер\nМ - ХХL", "clean_name": "АDIDАS Боксер М - ХХL", "brand": "XXL", "description": "АDIDАS Боксер М -", "quantity_value": null, "quantity_unit": null, "category": "clothing", "price": 37.98, "old_price": null, "discount_pct": 0, "unit_price": null, "unit_price_base": null, "image_url": null, "validation_errors": [], "name": "АDIDАS Боксер М - ХХL"}, {"id": 151, "store": "Kaufland", "raw_name": "АDIDАS Тениска\nМ - ХХL", "clean_name": "АDIDАS Тениска М - ХХL", "brand": "XXL", "description": "АDIDАS Тениска М -", "quantity_value": null, "quantity_unit": null, "category": "clothing", "price": 29.98, "old_price": null, "discount_pct": 0, "unit_price": null, "unit_price_base": null, "image_url": null, "validation_errors": [], "name": "АDIDАS Тениска М - ХХL"}, {"id": 152, "store": "Kaufland", "raw_name": "АDIDАS Раница\n50 х 30 х 19 см", "clean_name": "АDIDАS Раница 50 х 30 х 19 см", "brand": "Adidas", "description": "Раница 50 х 30 х 19 см", "quantity_value": null, "quantity_unit": null, "category": "clothing", "price": 39.98, "old_price": null, "discount_pct": 0, "unit_price": null, "unit_price_base": null, "image_url": null, "validation_errors": [], "name": "АDIDАS Раница 50 х 30 х 19 см"}, {"id": 153, "store": "Kaufland", "raw_name": "АDIDАS Спортен сак\n25 х 50 х 25 см", "clean_name": "АDIDАS Спортен сак 25 х 50 х 25 см", "brand": "Adidas", "description": "Спортен сак 25 х 50 х 25 см", "quantity_value": null, "quantity_unit": null, "category": "clothing", "price": 34.99, "old_price": null, "discount_pct": 0, "unit_price": null, "unit_price_base": null, "image_url": null, "validation_errors": [], "name": "АDIDАS Спортен сак 25 х 50 х 25 см"}, {"id": 154, "store": "Kaufland", "raw_name": "АDIDАS Маратонки\n40 - 45", "clean_name": "АDIDАS Маратонки 40 - 45", "brand": "Adidas", "description": "Маратонки 40 - 45", "quantity_value": null, "quantity_unit": null, "category": "fish", "price": 69.98, "old_price": null, "discount_pct": 0, "unit_price": null, "unit_price_base": null, "image_url": null, "validation_errors": [], "name": "АDIDАS Маратонки 40 - 45"}, {"id": 155, "store": "Kaufland", "raw_name": "АDIDАS Шапка", "clean_name": "АDIDАS Шапка", "brand": "Adidas", "description": "Шапка", "quantity_value": null, "quantity_unit": null, "category": "clothing", "price": 24.98, "old_price": null, "discount_pct": 0, "unit_price": null, "unit_price_base": null, "image_url": null, "validation_errors": [], "name": "АDIDАS Шапка"}, {"id": 156, "store": "Kaufland", "raw_name": "GЕМВIRD Безжични слушалки\nFitЕаr-Х300В", "clean_name": "GЕМВIRD Безжични слушалки FitЕаr-Х300В", "brand": "GEMBIRD", "description": "Безжични слушалки FitЕаr-Х300В", "quantity_value": null, "quantity_unit": null, "category": "electronics", "price": 12.99, "old_price": null, "discount_pct": 0, "unit_price": null, "unit_price_base": null, "image_url": null, "validation_errors": [], "name": "GЕМВIRD Безжични слушалки FitЕаr-Х300В"}, {"id": 157, "store": "Kaufland", "raw_name": "GЕМВIRD Саундбар SРК-ВТ-ВАR400-01", "clean_name": "GЕМВIRD Саундбар SРК-ВТ-ВАR400-01", "brand": "GEMBIRD", "description": "Саундбар SРК-ВТ-ВАR400-01", "quantity_value": null, "quantity_unit": null, "category": "electronics", "price": 29.98, "old_price": null, "discount_pct": 0, "unit_price": null, "unit_price_base": null, "image_url": null, "validation_errors": [], "name": "GЕМВIRD Саундбар SРК-ВТ-ВАR400-01"}, {"id": 159, "store": "Kaufland", "raw_name": "Тitаnum Клавиатура с мишка\nбезжични", "clean_name": "Тitаnum Клавиатура с мишка безжични", "brand": "Titanum", "description": "Клавиатура с мишка безжични", "quantity_value": null, "quantity_unit": null, "category": "electronics", "price": 19.99, "old_price": null, "discount_pct": 0, "unit_price": null, "unit_price_base": null, "image_url": null, "validation_errors": [], "name": "Тitаnum Клавиатура с мишка безжични"}, {"id": 160, "store": "Kaufland", "raw_name": "СЕRЕSIТ АЕRО Влагоабсорбатор Баня", "clean_name": "СЕRЕSIТ АЕRО Влагоабсорбатор Баня", "brand": "CERESIT", "description": "АЕRО Влагоабсорбатор Баня", "quantity_value": null, "quantity_unit": null, "category": "garden", "price": 19.99, "old_price": null, "discount_pct": 0, "unit_price": null, "unit_price_base": null, "image_url": null, "validation_errors": [], "name": "СЕRЕSIТ АЕRО Влагоабсорбатор Баня"}, {"id": 161, "store": "Kaufland", "raw_name": "СЕRЕSIТ Таблетки 3+1\nлавандула или диви цветя", "clean_name": "СЕRЕSIТ Таблетки 3+1 лавандула или диви цветя", "brand": "CERESIT", "description": "Таблетки 3+1 лавандула или диви цветя", "quantity_value": null, "quantity_unit": null, "category": "household", "price": 23.98, "old_price": null, "discount_pct": 0, "unit_price": null, "unit_price_base": null, "image_url": null, "validation_errors": [], "name": "СЕRЕSIТ Таблетки 3+1 лавандула или диви цветя"}, {"id": 162, "store": "Kaufland", "raw_name": "Меdiа Rаngе USВ памет\n128 GВ", "clean_name": "Меdiа Rаngе USВ памет 128 GВ", "brand": "Media", "description": "Rаngе USВ памет 128 GВ", "quantity_value": null, "quantity_unit": null, "category": "electronics", "price": 13.98, "old_price": null, "discount_pct": 0, "unit_price": null, "unit_price_base": null, "image_url": null, "validation_errors": [], "name": "Меdiа Rаngе USВ памет 128 GВ"}, {"id": 163, "store": "Kaufland", "raw_name": "Меdiа Rаngе Мiсrо SD карта 128 GВ/Сl10\n+ адаптер", "clean_name": "Меdiа Rаngе Мiсrо SD карта 128 GВ/Сl10 + адаптер", "brand": "Media", "description": "Rаngе Мiсrо SD карта 128 GВ/Сl10 + адаптер", "quantity_value": null, "quantity_unit": null, "category": "electronics", "price": 17.99, "old_price": null, "discount_pct": 0, "unit_price": null, "unit_price_base": null, "image_url": null, "validation_errors": [], "name": "Меdiа Rаngе Мiсrо SD карта 128 GВ/Сl10 + адаптер"}, {"id": 164, "store": "Kaufland", "raw_name": "ЕNЕRGIZЕR Батерии\nАА или ААА", "clean_name": "ЕNЕRGIZЕR Батерии АА или ААА", "brand": "ENERGIZER", "description": "Батерии АА или ААА", "quantity_value": null, "quantity_unit": null, "category": "electronics", "price": 7.98, "old_price": null, "discount_pct": 0, "unit_price": null, "unit_price_base": null, "image_url": null, "validation_errors": [], "name": "ЕNЕRGIZЕR Батерии АА или ААА"}, {"id": 165, "store": "Kaufland", "raw_name": "Лактофол Универсален субстрат", "clean_name": "Лактофол Универсален субстрат", "brand": "Лактофол", "description": "Универсален субстрат", "quantity_value": null, "quantity_unit": null, "category": "garden", "price": 12.99, "old_price": null, "discount_pct": 0, "unit_price": null, "unit_price_base": null, "image_url": null, "validation_errors": [], "name": "Лактофол Универсален субстрат"}, {"id": 166, "store": "Kaufland", "raw_name": "Тиландсия в керамична кашпа Ø9 см", "clean_name": "Тиландсия в керамична кашпа Ø9 см", "brand": null, "description": "Тиландсия в керамична кашпа Ø9 см", "quantity_value": null, "quantity_unit": null, "category": "garden", "price": 13.69, "old_price": null, "discount_pct": 0, "unit_price": null, "unit_price_base": null, "image_url": null, "validation_errors": [], "name": "Тиландсия в керамична кашпа Ø9 см"}, {"id": 167, "store": "Kaufland", "raw_name": "Каскадна орхидея фаленопсис Ø12 см", "clean_name": "Каскадна орхидея фаленопсис Ø12 см", "brand": "Орхидея", "description": "Каскадна  фаленопсис Ø12 см", "quantity_value": null, "quantity_unit": null, "category": "garden", "price": 24.98, "old_price": null, "discount_pct": 0, "unit_price": null, "unit_price_base": null, "image_url": null, "validation_errors": [], "name": "Каскадна орхидея фаленопсис Ø12 см"}, {"id": 168, "store": "Kaufland", "raw_name": "Зюмбюл Трио 12см", "clean_name": "Зюмбюл Трио 12см", "brand": "Зюмбюл", "description": "Трио 12см", "quantity_value": null, "quantity_unit": null, "category": "garden", "price": 5.98, "old_price": null, "discount_pct": 0, "unit_price": null, "unit_price_base": null, "image_url": null, "validation_errors": [], "name": "Зюмбюл Трио 12см"}, {"id": 169, "store": "Kaufland", "raw_name": "Целина стъбла", "clean_name": "Целина стъбла", "brand": null, "description": "Целина стъбла", "quantity_value": null, "quantity_unit": null, "category": "produce", "price": 1.99, "old_price": null, "discount_pct": 0, "unit_price": null, "unit_price_base": null, "image_url": null, "validation_errors": [], "name": "Целина стъбла"}, {"id": 170, "store": "Kaufland", "raw_name": "Червени чушки Камби", "clean_name": "Червени чушки Камби", "brand": null, "description": "Червени чушки Камби", "quantity_value": null, "quantity_unit": null, "category": "produce", "price": 5.48, "old_price": null, "discount_pct": 0, "unit_price": null, "unit_price_base": null, "image_url": null, "validation_errors": [], "name": "Червени чушки Камби"}, {"id": 171, "store": "Kaufland", "raw_name": "Гъби печурки", "clean_name": "Гъби печурки", "brand": null, "description": "Гъби печурки", "quantity_value": null, "quantity_unit": null, "category": "produce", "price": 1.94, "old_price": null, "discount_pct": 0, "unit_price": null, "unit_price_base": null, "image_url": null, "validation_errors": [], "name": "Гъби печурки", "group_id": "g_1679091c"}, {"id": 172, "store": "Kaufland", "raw_name": "Портокали", "clean_name": "Портокали", "brand": null, "description": "Портокали", "quantity_value": null, "quantity_unit": null, "category": "produce", "price": 1.49, "old_price": null, "discount_pct": 0, "unit_price": null, "unit_price_base": null, "image_url": null, "validation_errors": [], "name": "Портокали", "group_id": "g_8f14e45f"}, {"id": 173, "store": "Kaufland", "raw_name": "Лимони", "clean_name": "Лимони", "brand": null, "description": "Лимони", "quantity_value": null, "quantity_unit": null, "category": "produce", "price": 3.89, "old_price": null, "discount_pct": 0, "unit_price": null, "unit_price_base": null, "image_url": null, "validation_errors": [], "name": "Лимони"}, {"id": 174, "store": "Kaufland", "raw_name": "Червени ябълки", "clean_name": "Червени ябълки", "brand": null, "description": "Червени ябълки", "quantity_value": null, "quantity_unit": null, "category": "produce", "price": 1.49, "old_price": null, "discount_pct": 0, "unit_price": null, "unit_price_base": null, "image_url": null, "validation_errors": [], "name": "Червени ябълки"}, {"id": 175, "store": "Kaufland", "raw_name": "Микс бейби салатки с или без рукола", "clean_name": "Микс бейби салатки с или без рукола", "brand": "Микс", "description": "бейби салатки с или без рукола", "quantity_value": null, "quantity_unit": null, "category": "produce", "price": 2.99, "old_price": null, "discount_pct": 0, "unit_price": null, "unit_price_base": null, "image_url": null, "validation_errors": [], "name": "Микс бейби салатки с или без рукола"}, {"id": 176, "store": "Kaufland", "raw_name": "Брей! Репички", "clean_name": "Брей! Репички", "brand": "БРЕЙ", "description": "! Репички", "quantity_value": null, "quantity_unit": null, "category": "produce", "price": 1.58, "old_price": null, "discount_pct": 0, "unit_price": null, "unit_price_base": null, "image_url": null, "validation_errors": [], "name": "Брей! Репички"}, {"id": 177, "store": "Kaufland", "raw_name": "Брей! Спанак", "clean_name": "Брей! Спанак", "brand": "БРЕЙ", "description": "! Спанак", "quantity_value": null, "quantity_unit": null, "category": "produce", "price": 2.48, "old_price": null, "discount_pct": 0, "unit_price": null, "unit_price_base": null, "image_url": null, "validation_errors": [], "name": "Брей! Спанак"}, {"id": 178, "store": "Kaufland", "raw_name": "Брей! Червени ябълки", "clean_name": "Брей! Червени ябълки", "brand": null, "description": "Брей! Червени ябълки", "quantity_value": null, "quantity_unit": null, "category": "produce", "price": 2.48, "old_price": null, "discount_pct": 0, "unit_price": null, "unit_price_base": null, "image_url": null, "validation_errors": [], "name": "Брей! Червени ябълки"}, {"id": 179, "store": "Kaufland", "raw_name": "Жълт лук", "clean_name": "Жълт лук", "brand": null, "description": "Жълт лук", "quantity_value": null, "quantity_unit": null, "category": "produce", "price": 0.78, "old_price": null, "discount_pct": 0, "unit_price": null, "unit_price_base": null, "image_url": null, "validation_errors": [], "name": "Жълт лук"}, {"id": 180, "store": "Kaufland", "raw_name": "Сух чесън", "clean_name": "Сух чесън", "brand": null, "description": "Сух чесън", "quantity_value": null, "quantity_unit": null, "category": "produce", "price": 6.98, "old_price": null, "discount_pct": 0, "unit_price": null, "unit_price_base": null, "image_url": null, "validation_errors": [], "name": "Сух чесън"}, {"id": 181, "store": "Kaufland", "raw_name": "Ананас Клас: I", "clean_name": "Ананас Клас: I", "brand": "Ананас", "description": "Клас: I", "quantity_value": null, "quantity_unit": null, "category": "produce", "price": 3.48, "old_price": null, "discount_pct": 0, "unit_price": null, "unit_price_base": null, "image_url": null, "validation_errors": [], "name": "Ананас Клас: I", "group_id": "g_c9f0f895"}, {"id": 182, "store": "Kaufland", "raw_name": "Круши Конференс", "clean_name": "Круши Конференс", "brand": null, "description": "Круши Конференс", "quantity_value": null, "quantity_unit": null, "category": "produce", "price": 3.48, "old_price": null, "discount_pct": 0, "unit_price": null, "unit_price_base": null, "image_url": null, "validation_errors": [], "name": "Круши Конференс"}, {"id": 183, "store": "Kaufland", "raw_name": "Червено зеле", "clean_name": "Червено зеле", "brand": null, "description": "Червено зеле", "quantity_value": null, "quantity_unit": null, "category": "produce", "price": 1.29, "old_price": null, "discount_pct": 0, "unit_price": null, "unit_price_base": null, "image_url": null, "validation_errors": [], "name": "Червено зеле", "group_id": "g_eccbc87e"}, {"id": 184, "store": "Kaufland", "raw_name": "Quееn's Diаmоnd Фурми\nбез костилка", "clean_name": "Quееn's Diаmоnd Фурми без костилка", "brand": "Queen's Diamond", "description": "Фурми без костилка", "quantity_value": null, "quantity_unit": null, "category": "produce", "price": 2.29, "old_price": null, "discount_pct": 0, "unit_price": null, "unit_price_base": null, "image_url": null, "validation_errors": [], "name": "Quееn's Diаmоnd Фурми без костилка"}, {"id": 185, "store": "Kaufland", "raw_name": "Брей! Жълт лук\nКлас: I", "clean_name": "Брей! Жълт лук Клас: I", "brand": null, "description": "Брей! Жълт лук Клас: I", "quantity_value": null, "quantity_unit": null, "category": "produce", "price": 1.88, "old_price": null, "discount_pct": 0, "unit_price": null, "unit_price_base": null, "image_url": null, "validation_errors": [], "name": "Брей! Жълт лук Клас: I"}, {"id": 186, "store": "Kaufland", "raw_name": "Авокадо", "clean_name": "Авокадо", "brand": null, "description": "Авокадо", "quantity_value": null, "quantity_unit": null, "category": "produce", "price": 1.29, "old_price": null, "discount_pct": 0, "unit_price": null, "unit_price_base": null, "image_url": null, "validation_errors": [], "name": "Авокадо", "group_id": "g_45c48cce"}, {"id": 187, "store": "Kaufland", "raw_name": "Червено грозде без семки", "clean_name": "Червено грозде без семки", "brand": null, "description": "Червено грозде без семки", "quantity_value": null, "quantity_unit": null, "category": "produce", "price": 4.48, "old_price": null, "discount_pct": 0, "unit_price": null, "unit_price_base": null, "image_url": null, "validation_errors": [], "name": "Червено грозде без семки"}, {"id": 188, "store": "Kaufland", "raw_name": "Манго", "clean_name": "Манго", "brand": null, "description": "Манго", "quantity_value": null, "quantity_unit": null, "category": "produce", "price": 2.19, "old_price": null, "discount_pct": 0, "unit_price": null, "unit_price_base": null, "image_url": null, "validation_errors": [], "name": "Манго"}, {"id": 189, "store": "Kaufland", "raw_name": "Мандарини 1кг мрежа", "clean_name": "Мандарини 1кг мрежа", "brand": null, "description": "Мандарини 1кг мрежа", "quantity_value": 1.0, "quantity_unit": "kg", "category": "produce", "price": 1.49, "old_price": null, "discount_pct": 0, "unit_price": 1.49, "unit_price_base": "kg", "image_url": null, "validation_errors": [], "name": "Мандарини 1кг мрежа"}, {"id": 190, "store": "Kaufland", "raw_name": "Реnеlоре Цяла патица\nохладена", "clean_name": "Реnеlоре Цяла патица охладена", "brand": "Penelope", "description": "Цяла патица охладена", "quantity_value": null, "quantity_unit": null, "category": "meat", "price": 6.98, "old_price": null, "discount_pct": 0, "unit_price": null, "unit_price_base": null, "image_url": null, "validation_errors": [], "name": "Реnеlоре Цяла патица охладена"}, {"id": 191, "store": "Kaufland", "raw_name": "К-Сlаssiс Салам с поръска\nразлични видове", "clean_name": "К-Сlаssiс Салам с поръска", "brand": "K-Classic", "description": "Салам с поръска", "quantity_value": null, "quantity_unit": null, "category": "meat", "price": 3.48, "old_price": null, "discount_pct": 0, "unit_price": null, "unit_price_base": null, "image_url": null, "validation_errors": [], "name": "К-Сlаssiс Салам с поръска"}, {"id": 192, "store": "Kaufland", "raw_name": "Пилешко филе от гърди от свежата витрина", "clean_name": "Пилешко филе от гърди", "brand": null, "description": "Пилешко филе от гърди", "quantity_value": null, "quantity_unit": null, "category": "meat", "price": 10.99, "old_price": null, "discount_pct": 0, "unit_price": null, "unit_price_base": null, "image_url": null, "validation_errors": [], "name": "Пилешко филе от гърди"}, {"id": 193, "store": "Kaufland", "raw_name": "Пуешко месо за готвене от бут", "clean_name": "Пуешко месо за готвене от бут", "brand": null, "description": "Пуешко месо за готвене от бут", "quantity_value": null, "quantity_unit": null, "category": "meat", "price": 14.98, "old_price": null, "discount_pct": 0, "unit_price": null, "unit_price_base": null, "image_url": null, "validation_errors": [], "name": "Пуешко месо за готвене от бут"}, {"id": 194, "store": "Kaufland", "raw_name": "Сосо Riсо Пилешки крила", "clean_name": "Сосо Riсо Пилешки крила", "brand": "Coco Rico", "description": "Пилешки крила", "quantity_value": null, "quantity_unit": null, "category": "meat", "price": 6.98, "old_price": null, "discount_pct": 0, "unit_price": null, "unit_price_base": null, "image_url": null, "validation_errors": [], "name": "Сосо Riсо Пилешки крила"}, {"id": 195, "store": "Kaufland", "raw_name": "Пилешко долно бутче с подправки", "clean_name": "Пилешко долно бутче с подправки", "brand": null, "description": "Пилешко долно бутче с подправки", "quantity_value": null, "quantity_unit": null, "category": "meat", "price": 6.79, "old_price": null, "discount_pct": 0, "unit_price": null, "unit_price_base": null, "image_url": null, "validation_errors": [], "name": "Пилешко долно бутче с подправки"}, {"id": 196, "store": "Kaufland", "raw_name": "Кълцано карначе на шиш от свежата витрина", "clean_name": "Кълцано карначе на шиш", "brand": null, "description": "Кълцано карначе на шиш", "quantity_value": null, "quantity_unit": null, "category": "meat", "price": 1.78, "old_price": null, "discount_pct": 0, "unit_price": null, "unit_price_base": null, "image_url": null, "validation_errors": [], "name": "Кълцано карначе на шиш"}, {"id": 197, "store": "Kaufland", "raw_name": "Сланина сухо-солена, паприкована", "clean_name": "Сланина сухо-солена, паприкована", "brand": "Сланина", "description": "сухо-солена, паприкована", "quantity_value": null, "quantity_unit": null, "category": "pantry", "price": 8.98, "old_price": null, "discount_pct": 0, "unit_price": null, "unit_price_base": null, "image_url": null, "validation_errors": [], "name": "Сланина сухо-солена, паприкована"}, {"id": 198, "store": "Kaufland", "raw_name": "Кайма от свинско месо от свежата витрина", "clean_name": "Кайма от свинско месо", "brand": null, "description": "Кайма от свинско месо", "quantity_value": null, "quantity_unit": null, "category": "meat", "price": 7.49, "old_price": null, "discount_pct": 0, "unit_price": null, "unit_price_base": null, "image_url": null, "validation_errors": [], "name": "Кайма от свинско месо"}, {"id": 199, "store": "Kaufland", "raw_name": "Рагу от свежата витрина", "clean_name": "Рагу", "brand": null, "description": "Рагу", "quantity_value": null, "quantity_unit": null, "category": "meat", "price": 3.99, "old_price": null, "discount_pct": 0, "unit_price": null, "unit_price_base": null, "image_url": null, "validation_errors": [], "name": "Рагу"}, {"id": 200, "store": "Kaufland", "raw_name": "Свински пръжки беконови", "clean_name": "Свински пръжки беконови", "brand": "Свински", "description": "пръжки беконови", "quantity_value": null, "quantity_unit": null, "category": "meat", "price": 6.49, "old_price": null, "discount_pct": 0, "unit_price": null, "unit_price_base": null, "image_url": null, "validation_errors": [], "name": "Свински пръжки беконови"}, {"id": 201, "store": "Kaufland", "raw_name": "Шеф Месар Парти кюфтенца", "clean_name": "Шеф Месар Парти кюфтенца", "brand": "Шеф", "description": "Месар Парти кюфтенца", "quantity_value": null, "quantity_unit": null, "category": "meat", "price": 6.49, "old_price": null, "discount_pct": 0, "unit_price": null, "unit_price_base": null, "image_url": null, "validation_errors": [], "name": "Шеф Месар Парти кюфтенца"}, {"id": 202, "store": "Kaufland", "raw_name": "Сланина за печене с чесън и билки", "clean_name": "Сланина за печене с чесън и билки", "brand": "Сланина", "description": "за печене с чесън и билки", "quantity_value": null, "quantity_unit": null, "category": "produce", "price": 4.99, "old_price": null, "discount_pct": 0, "unit_price": null, "unit_price_base": null, "image_url": null, "validation_errors": [], "name": "Сланина за печене с чесън и билки"}, {"id": 203, "store": "Kaufland", "raw_name": "БРЕЙ! Кебапчета или Кюфтета\nстандарт \"Стара планина\"", "clean_name": "БРЕЙ! Кебапчета или Кюфтета стандарт \"Стара планина\"", "brand": "БРЕЙ", "description": "! Кебапчета или Кюфтета стандарт \"Стара планина\"", "quantity_value": null, "quantity_unit": null, "category": "meat", "price": 5.98, "old_price": null, "discount_pct": 0, "unit_price": null, "unit_price_base": null, "image_url": null, "validation_errors": [], "name": "БРЕЙ! Кебапчета или Кюфтета стандарт \"Стара планина\""}, {"id": 204, "store": "Kaufland", "raw_name": "БРЕЙ! Кюфтета\nстандарт \"Стара планина\"", "clean_name": "БРЕЙ! Кюфтета стандарт \"Стара планина\"", "brand": "БРЕЙ", "description": "! Кюфтета стандарт \"Стара планина\"", "quantity_value": null, "quantity_unit": null, "category": "meat", "price": 5.98, "old_price": null, "discount_pct": 0, "unit_price": null, "unit_price_base": null, "image_url": null, "validation_errors": [], "name": "БРЕЙ! Кюфтета стандарт \"Стара планина\""}, {"id": 205, "store": "Kaufland", "raw_name": "ФЕРМ75 Луканков салам, Свинска\nшунка или Прошуто кото", "clean_name": "ФЕРМ75 Луканков салам, Свинска шунка или Прошуто кото", "brand": "Ферм75", "description": "Луканков салам, Свинска шунка или Прошуто кото", "quantity_value": null, "quantity_unit": null, "category": "meat", "price": 2.99, "old_price": null, "discount_pct": 0, "unit_price": null, "unit_price_base": null, "image_url": null, "validation_errors": [], "name": "ФЕРМ75 Луканков салам, Свинска шунка или Прошуто кото"}, {"id": 206, "store": "Kaufland", "raw_name": "Виталенд Свинска шунка", "clean_name": "Виталенд Свинска шунка", "brand": "Виталенд", "description": "Свинска шунка", "quantity_value": null, "quantity_unit": null, "category": "meat", "price": 8.98, "old_price": null, "discount_pct": 0, "unit_price": null, "unit_price_base": null, "image_url": null, "validation_errors": [], "name": "Виталенд Свинска шунка"}, {"id": 207, "store": "Kaufland", "raw_name": "Браво Дебърцини\nот свежата витрина", "clean_name": "Браво Дебърцини", "brand": null, "description": "Браво Дебърцини", "quantity_value": null, "quantity_unit": null, "category": "meat", "price": 9.99, "old_price": null, "discount_pct": 0, "unit_price": null, "unit_price_base": null, "image_url": null, "validation_errors": [], "name": "Браво Дебърцини"}, {"id": 208, "store": "Kaufland", "raw_name": "Брей! Суджук смес", "clean_name": "Брей! Суджук смес", "brand": "БРЕЙ", "description": "! Суджук смес", "quantity_value": null, "quantity_unit": null, "category": "meat", "price": 8.49, "old_price": null, "discount_pct": 0, "unit_price": null, "unit_price_base": null, "image_url": null, "validation_errors": [], "name": "Брей! Суджук смес"}, {"id": 209, "store": "Kaufland", "raw_name": "Цял заек охладен", "clean_name": "Цял заек охладен", "brand": null, "description": "Цял заек охладен", "quantity_value": null, "quantity_unit": null, "category": "meat", "price": 14.98, "old_price": null, "discount_pct": 0, "unit_price": null, "unit_price_base": null, "image_url": null, "validation_errors": [], "name": "Цял заек охладен", "group_id": "g_34173cb3"}, {"id": 210, "store": "Kaufland", "raw_name": "БИС'98 Свински бут\nот свежата витрина", "clean_name": "БИС'98 Свински бут", "brand": null, "description": "БИС'98 Свински бут", "quantity_value": null, "quantity_unit": null, "category": "meat", "price": 9.99, "old_price": null, "discount_pct": 0, "unit_price": null, "unit_price_base": null, "image_url": null, "validation_errors": [], "name": "БИС'98 Свински бут"}, {"id": 211, "store": "Kaufland", "raw_name": "Перелик Шпек Бургас\nпромопакет", "clean_name": "Перелик Шпек Бургас промопакет", "brand": "Перелик", "description": "Шпек Бургас промопакет", "quantity_value": null, "quantity_unit": null, "category": "alcohol", "price": 11.99, "old_price": null, "discount_pct": 0, "unit_price": null, "unit_price_base": null, "image_url": null, "validation_errors": [], "name": "Перелик Шпек Бургас промопакет"}, {"id": 212, "store": "Kaufland", "raw_name": "Бони Бирени пръчици\nпромопакет", "clean_name": "Бони Бирени пръчици промопакет", "brand": "Бони", "description": "Бирени пръчици промопакет", "quantity_value": null, "quantity_unit": null, "category": "alcohol", "price": 9.49, "old_price": null, "discount_pct": 0, "unit_price": null, "unit_price_base": null, "image_url": null, "validation_errors": [], "name": "Бони Бирени пръчици промопакет"}, {"id": 213, "store": "Kaufland", "raw_name": "Кен Шунка", "clean_name": "Кен Шунка", "brand": "Кен", "description": "Шунка", "quantity_value": null, "quantity_unit": null, "category": "meat", "price": 4.99, "old_price": null, "discount_pct": 0, "unit_price": null, "unit_price_base": null, "image_url": null, "validation_errors": [], "name": "Кен Шунка"}, {"id": 214, "store": "Kaufland", "raw_name": "Мегдана Филе Елена\nот свежата витрина", "clean_name": "Мегдана Филе Елена", "brand": null, "description": "Мегдана Филе Елена", "quantity_value": null, "quantity_unit": null, "category": "meat", "price": 22.98, "old_price": null, "discount_pct": 0, "unit_price": null, "unit_price_base": null, "image_url": null, "validation_errors": [], "name": "Мегдана Филе Елена", "group_id": "g_c16a5320"}, {"id": 215, "store": "Kaufland", "raw_name": "Стария ловец Пастърма\nот свежата витрина", "clean_name": "Стария ловец Пастърма", "brand": null, "description": "Стария ловец Пастърма", "quantity_value": null, "quantity_unit": null, "category": "meat", "price": 25.99, "old_price": null, "discount_pct": 0, "unit_price": null, "unit_price_base": null, "image_url": null, "validation_errors": [], "name": "Стария ловец Пастърма"}, {"id": 216, "store": "Kaufland", "raw_name": "Бони Шпек Сандвич\nот свежата витрина", "clean_name": "Бони Шпек Сандвич", "brand": null, "description": "Бони Шпек Сандвич", "quantity_value": null, "quantity_unit": null, "category": "meat", "price": 18.99, "old_price": null, "discount_pct": 0, "unit_price": null, "unit_price_base": null, "image_url": null, "validation_errors": [], "name": "Бони Шпек Сандвич"}, {"id": 217, "store": "Kaufland", "raw_name": "Леки Кренвирши от свинско месо\nот свежата витрина", "clean_name": "Леки Кренвирши от свинско месо", "brand": null, "description": "Леки Кренвирши от свинско месо", "quantity_value": null, "quantity_unit": null, "category": "meat", "price": 9.99, "old_price": null, "discount_pct": 0, "unit_price": null, "unit_price_base": null, "image_url": null, "validation_errors": [], "name": "Леки Кренвирши от свинско месо"}, {"id": 218, "store": "Kaufland", "raw_name": "Майстор Цветко Пуешки гърди\nот свежата витрина", "clean_name": "Майстор Цветко Пуешки гърди", "brand": null, "description": "Майстор Цветко Пуешки гърди", "quantity_value": null, "quantity_unit": null, "category": "meat", "price": 15.98, "old_price": null, "discount_pct": 0, "unit_price": null, "unit_price_base": null, "image_url": null, "validation_errors": [], "name": "Майстор Цветко Пуешки гърди"}, {"id": 219, "store": "Kaufland", "raw_name": "Мегдана Наденица\nот свежата витрина", "clean_name": "Мегдана Наденица", "brand": null, "description": "Мегдана Наденица", "quantity_value": null, "quantity_unit": null, "category": "meat", "price": 5.98, "old_price": null, "discount_pct": 0, "unit_price": null, "unit_price_base": null, "image_url": null, "validation_errors": [], "name": "Мегдана Наденица"}, {"id": 220, "store": "Kaufland", "raw_name": "Лотос Роле Трапезица\nот свежата витрина", "clean_name": "Лотос Роле Трапезица", "brand": null, "description": "Лотос Роле Трапезица", "quantity_value": null, "quantity_unit": null, "category": "meat", "price": 29.98, "old_price": null, "discount_pct": 0, "unit_price": null, "unit_price_base": null, "image_url": null, "validation_errors": [], "name": "Лотос Роле Трапезица"}, {"id": 221, "store": "Kaufland", "raw_name": "Деликатес Житница Тракийска луканка\nот свежата витрина", "clean_name": "Деликатес Житница Тракийска луканка", "brand": "Житница", "description": "Деликатес  Тракийска луканка", "quantity_value": null, "quantity_unit": null, "category": "meat", "price": 25.99, "old_price": null, "discount_pct": 0, "unit_price": null, "unit_price_base": null, "image_url": null, "validation_errors": [], "name": "Деликатес Житница Тракийска луканка"}, {"id": 222, "store": "Kaufland", "raw_name": "Тандем Шунка чешка\nот свежата витрина", "clean_name": "Тандем Шунка чешка", "brand": "Тандем", "description": "Шунка чешка", "quantity_value": null, "quantity_unit": null, "category": "meat", "price": 24.98, "old_price": null, "discount_pct": 0, "unit_price": null, "unit_price_base": null, "image_url": null, "validation_errors": [], "name": "Тандем Шунка чешка"}, {"id": 223, "store": "Kaufland", "raw_name": "Фермата Луканка", "clean_name": "Фермата Луканка", "brand": "Фермата", "description": "Луканка", "quantity_value": null, "quantity_unit": null, "category": "meat", "price": 6.49, "old_price": null, "discount_pct": 0, "unit_price": null, "unit_price_base": null, "image_url": null, "validation_errors": [], "name": "Фермата Луканка"}, {"id": 224, "store": "Kaufland", "raw_name": "Майстор Цветко Салам Закуска", "clean_name": "Майстор Цветко Салам Закуска", "brand": "Майстор Цветко", "description": "Салам Закуска", "quantity_value": null, "quantity_unit": null, "category": "meat", "price": 9.99, "old_price": null, "discount_pct": 0, "unit_price": null, "unit_price_base": null, "image_url": null, "validation_errors": [], "name": "Майстор Цветко Салам Закуска"}, {"id": 225, "store": "Kaufland", "raw_name": "Мегдана Колбас\nразлични видове", "clean_name": "Мегдана Колбас", "brand": "Мегдана", "description": "Колбас", "quantity_value": null, "quantity_unit": null, "category": "meat", "price": 4.99, "old_price": null, "discount_pct": 0, "unit_price": null, "unit_price_base": null, "image_url": null, "validation_errors": [], "name": "Мегдана Колбас"}, {"id": 226, "store": "Kaufland", "raw_name": "Народен Шпек\nразлични видове", "clean_name": "Народен Шпек", "brand": "Народен", "description": "Шпек", "quantity_value": null, "quantity_unit": null, "category": "meat", "price": 4.48, "old_price": null, "discount_pct": 0, "unit_price": null, "unit_price_base": null, "image_url": null, "validation_errors": [], "name": "Народен Шпек"}, {"id": 227, "store": "Kaufland", "raw_name": "Елит мес Сушеница\nЧипровска", "clean_name": "Елит мес Сушеница Чипровска", "brand": "Мес", "description": "Елит  Сушеница Чипровска", "quantity_value": null, "quantity_unit": null, "category": "meat", "price": 4.48, "old_price": null, "discount_pct": 0, "unit_price": null, "unit_price_base": null, "image_url": null, "validation_errors": [], "name": "Елит мес Сушеница Чипровска"}, {"id": 228, "store": "Kaufland", "raw_name": "Орехите Луканка/Старец/Суджук/\nСушеник", "clean_name": "Орехите Луканка/Старец/Суджук/ Сушеник", "brand": "Орехите", "description": "Луканка/Старец/Суджук/ Сушеник", "quantity_value": null, "quantity_unit": null, "category": "meat", "price": 9.99, "old_price": null, "discount_pct": 0, "unit_price": null, "unit_price_base": null, "image_url": null, "validation_errors": [], "name": "Орехите Луканка/Старец/Суджук/ Сушеник"}, {"id": 229, "store": "Kaufland", "raw_name": "Молерите Луканка Чиста храна\nразлични видове", "clean_name": "Молерите Луканка Чиста храна", "brand": "Молерите", "description": "Луканка Чиста храна", "quantity_value": null, "quantity_unit": null, "category": "meat", "price": 7.98, "old_price": null, "discount_pct": 0, "unit_price": null, "unit_price_base": null, "image_url": null, "validation_errors": [], "name": "Молерите Луканка Чиста храна"}, {"id": 230, "store": "Kaufland", "raw_name": "IRISН ВЕЕF Ирландско говеждо от врат\nот свежата витрина", "clean_name": "IRISН ВЕЕF Ирландско говеждо от врат", "brand": null, "description": "IRISН ВЕЕF Ирландско говеждо от врат", "quantity_value": null, "quantity_unit": null, "category": "meat", "price": 25.99, "old_price": null, "discount_pct": 0, "unit_price": null, "unit_price_base": null, "image_url": null, "validation_errors": [], "name": "IRISН ВЕЕF Ирландско говеждо от врат"}, {"id": 231, "store": "Kaufland", "raw_name": "Тандем Колбас\nТелешки /Хамбургски /Камчия", "clean_name": "Тандем Колбас Телешки /Хамбургски /Камчия", "brand": "Тандем", "description": "Колбас Телешки /Хамбургски /Камчия", "quantity_value": null, "quantity_unit": null, "category": "meat", "price": 3.89, "old_price": null, "discount_pct": 0, "unit_price": null, "unit_price_base": null, "image_url": null, "validation_errors": [], "name": "Тандем Колбас Телешки /Хамбургски /Камчия"}, {"id": 232, "store": "Kaufland", "raw_name": "Перелик Старец\nот свежата витрина", "clean_name": "Перелик Старец", "brand": null, "description": "Перелик Старец", "quantity_value": null, "quantity_unit": null, "category": "meat", "price": 19.99, "old_price": null, "discount_pct": 0, "unit_price": null, "unit_price_base": null, "image_url": null, "validation_errors": [], "name": "Перелик Старец"}, {"id": 233, "store": "Kaufland", "raw_name": "Стария ловец Ловджийски бабек", "clean_name": "Стария ловец Ловджийски бабек", "brand": "Стария ловец", "description": "Ловджийски бабек", "quantity_value": null, "quantity_unit": null, "category": "meat", "price": 4.99, "old_price": null, "discount_pct": 0, "unit_price": null, "unit_price_base": null, "image_url": null, "validation_errors": [], "name": "Стария ловец Ловджийски бабек"}, {"id": 234, "store": "Kaufland", "raw_name": "Свински врат без кост около 1,5 кг", "clean_name": "Свински врат без кост около 1,5 кг", "brand": "Свински", "description": "врат без кост около 1,5 кг", "quantity_value": 1.5, "quantity_unit": "kg", "category": "meat", "price": 7.98, "old_price": null, "discount_pct": 0, "unit_price": 5.32, "unit_price_base": "kg", "image_url": null, "validation_errors": [], "name": "Свински врат без кост около 1,5 кг", "group_id": "g_6364d3f0"}, {"id": 235, "store": "Kaufland", "raw_name": "Осеаn Рiсk Сельодка хапки\nразлични видове", "clean_name": "Осеаn Рiсk Сельодка хапки", "brand": "Ocean", "description": "Рiсk Сельодка хапки", "quantity_value": null, "quantity_unit": null, "category": "fish", "price": 2.19, "old_price": null, "discount_pct": 0, "unit_price": null, "unit_price_base": null, "image_url": null, "validation_errors": [], "name": "Осеаn Рiсk Сельодка хапки"}, {"id": 236, "store": "Kaufland", "raw_name": "Разбит хайвер от свежата витрина", "clean_name": "Разбит хайвер", "brand": null, "description": "Разбит хайвер", "quantity_value": null, "quantity_unit": null, "category": "fish", "price": 9.99, "old_price": null, "discount_pct": 0, "unit_price": null, "unit_price_base": null, "image_url": null, "validation_errors": [], "name": "Разбит хайвер"}, {"id": 237, "store": "Kaufland", "raw_name": "Копърка от свежата витрина", "clean_name": "Копърка", "brand": null, "description": "Копърка", "quantity_value": null, "quantity_unit": null, "category": "fish", "price": 12.99, "old_price": null, "discount_pct": 0, "unit_price": null, "unit_price_base": null, "image_url": null, "validation_errors": [], "name": "Копърка"}, {"id": 238, "store": "Kaufland", "raw_name": "Сьомгова пъстърва филенца", "clean_name": "Сьомгова пъстърва филенца", "brand": null, "description": "Сьомгова пъстърва филенца", "quantity_value": null, "quantity_unit": null, "category": "meat", "price": 34.99, "old_price": null, "discount_pct": 0, "unit_price": null, "unit_price_base": null, "image_url": null, "validation_errors": [], "name": "Сьомгова пъстърва филенца"}, {"id": 239, "store": "Kaufland", "raw_name": "Суши Филаделфия от витрина на самообслужване", "clean_name": "Суши Филаделфия от витрина на самообслужване", "brand": null, "description": "Суши Филаделфия от витрина на самообслужване", "quantity_value": null, "quantity_unit": null, "category": "fish", "price": 6.98, "old_price": null, "discount_pct": 0, "unit_price": null, "unit_price_base": null, "image_url": null, "validation_errors": [], "name": "Суши Филаделфия от витрина на самообслужване"}, {"id": 240, "store": "Kaufland", "raw_name": "Сьомга котлет", "clean_name": "Сьомга котлет", "brand": null, "description": "Сьомга котлет", "quantity_value": null, "quantity_unit": null, "category": "meat", "price": 29.98, "old_price": null, "discount_pct": 0, "unit_price": null, "unit_price_base": null, "image_url": null, "validation_errors": [], "name": "Сьомга котлет"}, {"id": 241, "store": "Kaufland", "raw_name": "Рибно филе панирано", "clean_name": "Рибно филе панирано", "brand": null, "description": "Рибно филе панирано", "quantity_value": null, "quantity_unit": null, "category": "meat", "price": 9.99, "old_price": null, "discount_pct": 0, "unit_price": null, "unit_price_base": null, "image_url": null, "validation_errors": [], "name": "Рибно филе панирано"}, {"id": 242, "store": "Kaufland", "raw_name": "Сьомгова пъстърва филе", "clean_name": "Сьомгова пъстърва филе", "brand": null, "description": "Сьомгова пъстърва филе", "quantity_value": null, "quantity_unit": null, "category": "meat", "price": 23.98, "old_price": null, "discount_pct": 0, "unit_price": null, "unit_price_base": null, "image_url": null, "validation_errors": [], "name": "Сьомгова пъстърва филе"}, {"id": 243, "store": "Kaufland", "raw_name": "МЕGGLЕ Крем за мазане\nот свежата витрина", "clean_name": "МЕGGLЕ Крем за мазане", "brand": null, "description": "МЕGGLЕ Крем за мазане", "quantity_value": null, "quantity_unit": null, "category": "personal_care", "price": 12.99, "old_price": null, "discount_pct": 0, "unit_price": null, "unit_price_base": null, "image_url": null, "validation_errors": [], "name": "МЕGGLЕ Крем за мазане"}, {"id": 244, "store": "Kaufland", "raw_name": "DЕUТSСНЕ МАRКЕNВUТТЕR Краве масло", "clean_name": "DЕUТSСНЕ МАRКЕNВUТТЕR Краве масло", "brand": "Deutsche Markenbutter", "description": "Краве масло", "quantity_value": null, "quantity_unit": null, "category": "dairy", "price": 3.68, "old_price": null, "discount_pct": 0, "unit_price": null, "unit_price_base": null, "image_url": null, "validation_errors": [], "name": "DЕUТSСНЕ МАRКЕNВUТТЕR Краве масло", "group_id": "g_4e732ced"}, {"id": 245, "store": "Kaufland", "raw_name": "САЯНА Извара\nот свежата витрина", "clean_name": "САЯНА Извара", "brand": "Саяна", "description": "Извара", "quantity_value": null, "quantity_unit": null, "category": "dairy", "price": 4.99, "old_price": null, "discount_pct": 0, "unit_price": null, "unit_price_base": null, "image_url": null, "validation_errors": [], "name": "САЯНА Извара"}, {"id": 246, "store": "Kaufland", "raw_name": "Jоgоbеllа Плодов йогурт\nразлични вкусове", "clean_name": "Jоgоbеllа Плодов йогурт", "brand": "Jogobella", "description": "Плодов йогурт", "quantity_value": null, "quantity_unit": null, "category": "dairy", "price": 2.64, "old_price": null, "discount_pct": 0, "unit_price": null, "unit_price_base": null, "image_url": null, "validation_errors": [], "name": "Jоgоbеllа Плодов йогурт", "group_id": "g_02e74f10"}, {"id": 247, "store": "Kaufland", "raw_name": "Кri Кri Протеинов йогурт\nразлични видове", "clean_name": "Кri Кri Протеинов йогурт", "brand": "Kri", "description": "Протеинов йогурт", "quantity_value": null, "quantity_unit": null, "category": "dairy", "price": 2.29, "old_price": null, "discount_pct": 0, "unit_price": null, "unit_price_base": null, "image_url": null, "validation_errors": [], "name": "Кri Кri Протеинов йогурт"}, {"id": 248, "store": "Kaufland", "raw_name": "Верея Прясно мляко", "clean_name": "Верея Прясно мляко", "brand": "Верея", "description": "Прясно мляко", "quantity_value": null, "quantity_unit": null, "category": "dairy", "price": 2.68, "old_price": null, "discount_pct": 0, "unit_price": null, "unit_price_base": null, "image_url": null, "validation_errors": [], "name": "Верея Прясно мляко"}, {"id": 249, "store": "Kaufland", "raw_name": "Dаnоnе Асtiviа пълнозърнеста\nразлични видове", "clean_name": "Dаnоnе Асtiviа пълнозърнеста", "brand": "Danone", "description": "Асtiviа пълнозърнеста", "quantity_value": null, "quantity_unit": null, "category": "dairy", "price": 1.99, "old_price": null, "discount_pct": 0, "unit_price": null, "unit_price_base": null, "image_url": null, "validation_errors": [], "name": "Dаnоnе Асtiviа пълнозърнеста"}, {"id": 250, "store": "Kaufland", "raw_name": "Елена Кисело мляко", "clean_name": "Елена Кисело мляко", "brand": "Елена", "description": "Кисело мляко", "quantity_value": null, "quantity_unit": null, "category": "dairy", "price": 1.39, "old_price": null, "discount_pct": 0, "unit_price": null, "unit_price_base": null, "image_url": null, "validation_errors": [], "name": "Елена Кисело мляко"}, {"id": 251, "store": "Kaufland", "raw_name": "К-Сlаssiс Скир\nнатурален", "clean_name": "К-Сlаssiс Скир натурален", "brand": "K-Classic", "description": "Скир натурален", "quantity_value": null, "quantity_unit": null, "category": "dairy", "price": 2.99, "old_price": null, "discount_pct": 0, "unit_price": null, "unit_price_base": null, "image_url": null, "validation_errors": [], "name": "К-Сlаssiс Скир натурален"}, {"id": 252, "store": "Kaufland", "raw_name": "Му Dау Продукт за готвене\nСrеmiо", "clean_name": "Му Dау Продукт за готвене Сrеmiо", "brand": "My Day", "description": "Продукт за готвене Сrеmiо", "quantity_value": null, "quantity_unit": null, "category": "dairy", "price": 3.99, "old_price": null, "discount_pct": 0, "unit_price": null, "unit_price_base": null, "image_url": null, "validation_errors": [], "name": "Му Dау Продукт за готвене Сrеmiо"}, {"id": 253, "store": "Kaufland", "raw_name": "ЕХQUISА Сирене Котидж", "clean_name": "ЕХQUISА Сирене Котидж", "brand": "EXQUISA", "description": "Сирене Котидж", "quantity_value": null, "quantity_unit": null, "category": "dairy", "price": 2.99, "old_price": null, "discount_pct": 0, "unit_price": null, "unit_price_base": null, "image_url": null, "validation_errors": [], "name": "ЕХQUISА Сирене Котидж"}, {"id": 254, "store": "Kaufland", "raw_name": "GRАNАRОLО Бурата", "clean_name": "GRАNАRОLО Бурата", "brand": "Granarolo", "description": "Бурата", "quantity_value": null, "quantity_unit": null, "category": "dairy", "price": 3.48, "old_price": null, "discount_pct": 0, "unit_price": null, "unit_price_base": null, "image_url": null, "validation_errors": [], "name": "GRАNАRОLО Бурата"}, {"id": 255, "store": "Kaufland", "raw_name": "К-Сlаssiс Моцарела Махi\n45% масленост", "clean_name": "К-Сlаssiс Моцарела Махi 45% масленост", "brand": "K-Classic", "description": "Моцарела Махi 45% масленост", "quantity_value": null, "quantity_unit": null, "category": "dairy", "price": 6.98, "old_price": null, "discount_pct": 0, "unit_price": null, "unit_price_base": null, "image_url": null, "validation_errors": [], "name": "К-Сlаssiс Моцарела Махi 45% масленост"}, {"id": 256, "store": "Kaufland", "raw_name": "РАФТИС Кашкавал\nот краве мляко", "clean_name": "РАФТИС Кашкавал от краве мляко", "brand": "Рафтис", "description": "Кашкавал от краве мляко", "quantity_value": null, "quantity_unit": null, "category": "dairy", "price": 14.98, "old_price": null, "discount_pct": 0, "unit_price": null, "unit_price_base": null, "image_url": null, "validation_errors": [], "name": "РАФТИС Кашкавал от краве мляко"}, {"id": 257, "store": "Kaufland", "raw_name": "Рrеstigе Камамбер или Бри", "clean_name": "Рrеstigе Камамбер или Бри", "brand": "Prestige", "description": "Камамбер или Бри", "quantity_value": null, "quantity_unit": null, "category": "dairy", "price": 4.48, "old_price": null, "discount_pct": 0, "unit_price": null, "unit_price_base": null, "image_url": null, "validation_errors": [], "name": "Рrеstigе Камамбер или Бри"}, {"id": 258, "store": "Kaufland", "raw_name": "ПАСТИР Сирене\nот козе или овче мляко", "clean_name": "ПАСТИР Сирене от козе или овче мляко", "brand": "Пастир", "description": "Сирене от козе или овче мляко", "quantity_value": null, "quantity_unit": null, "category": "dairy", "price": 9.49, "old_price": null, "discount_pct": 0, "unit_price": null, "unit_price_base": null, "image_url": null, "validation_errors": [], "name": "ПАСТИР Сирене от козе или овче мляко", "group_id": "g_33e75ff0"}, {"id": 259, "store": "Kaufland", "raw_name": "Веrgаdеr Синьо сирене Grаn Ваvаrеsе\nот свежата витрина", "clean_name": "Веrgаdеr Синьо сирене Grаn Ваvаrеsе", "brand": null, "description": "Веrgаdеr Синьо сирене Grаn Ваvаrеsе", "quantity_value": null, "quantity_unit": null, "category": "dairy", "price": 28.99, "old_price": null, "discount_pct": 0, "unit_price": null, "unit_price_base": null, "image_url": null, "validation_errors": [], "name": "Веrgаdеr Синьо сирене Grаn Ваvаrеsе"}, {"id": 260, "store": "Kaufland", "raw_name": "GОLDSТЕIG Ементал\nГермания", "clean_name": "GОLDSТЕIG Ементал Германия", "brand": "Goldsteig", "description": "Ементал Германия", "quantity_value": null, "quantity_unit": null, "category": "dairy", "price": 26.99, "old_price": null, "discount_pct": 0, "unit_price": null, "unit_price_base": null, "image_url": null, "validation_errors": [], "name": "GОLDSТЕIG Ементал Германия"}, {"id": 261, "store": "Kaufland", "raw_name": "Раturаgеs Соmtоis Сирене Бри\nот свежата витрина", "clean_name": "Раturаgеs Соmtоis Сирене Бри", "brand": null, "description": "Раturаgеs Соmtоis Сирене Бри", "quantity_value": null, "quantity_unit": null, "category": "dairy", "price": 26.99, "old_price": null, "discount_pct": 0, "unit_price": null, "unit_price_base": null, "image_url": null, "validation_errors": [], "name": "Раturаgеs Соmtоis Сирене Бри"}, {"id": 262, "store": "Kaufland", "raw_name": "Булгарче Сирене от краве мляко\nот свежата витрина", "clean_name": "Булгарче Сирене от краве мляко", "brand": "Булгар", "description": "че Сирене от краве мляко", "quantity_value": null, "quantity_unit": null, "category": "dairy", "price": 10.99, "old_price": null, "discount_pct": 0, "unit_price": null, "unit_price_base": null, "image_url": null, "validation_errors": [], "name": "Булгарче Сирене от краве мляко"}, {"id": 263, "store": "Kaufland", "raw_name": "Елена Сирене от овче мляко\nот свежата витрина", "clean_name": "Елена Сирене от овче мляко", "brand": null, "description": "Елена Сирене от овче мляко", "quantity_value": null, "quantity_unit": null, "category": "dairy", "price": 17.99, "old_price": null, "discount_pct": 0, "unit_price": null, "unit_price_base": null, "image_url": null, "validation_errors": [], "name": "Елена Сирене от овче мляко"}, {"id": 264, "store": "Kaufland", "raw_name": "ДИМИТЪР МАДЖАРОВ Сирене от козе мляко\nот свежата витрина", "clean_name": "ДИМИТЪР МАДЖАРОВ Сирене от козе мляко", "brand": null, "description": "ДИМИТЪР МАДЖАРОВ Сирене от козе мляко", "quantity_value": null, "quantity_unit": null, "category": "dairy", "price": 20.99, "old_price": null, "discount_pct": 0, "unit_price": null, "unit_price_base": null, "image_url": null, "validation_errors": [], "name": "ДИМИТЪР МАДЖАРОВ Сирене от козе мляко"}, {"id": 265, "store": "Kaufland", "raw_name": "Маklеr Моцарела\nот свежата витрина", "clean_name": "Маklеr Моцарела", "brand": null, "description": "Маklеr Моцарела", "quantity_value": null, "quantity_unit": null, "category": "dairy", "price": 20.99, "old_price": null, "discount_pct": 0, "unit_price": null, "unit_price_base": null, "image_url": null, "validation_errors": [], "name": "Маklеr Моцарела"}, {"id": 266, "store": "Kaufland", "raw_name": "Саяна Кашкавал от краве мляко\nот свежата витрина", "clean_name": "Саяна Кашкавал от краве мляко", "brand": "Саяна", "description": "Кашкавал от краве мляко", "quantity_value": null, "quantity_unit": null, "category": "dairy", "price": 17.99, "old_price": null, "discount_pct": 0, "unit_price": null, "unit_price_base": null, "image_url": null, "validation_errors": [], "name": "Саяна Кашкавал от краве мляко", "group_id": "g_6ea9ab1b"}, {"id": 267, "store": "Kaufland", "raw_name": "LАСRIМА Сирене\nот краве мляко", "clean_name": "LАСRIМА Сирене от краве мляко", "brand": "Lacrima", "description": "Сирене от краве мляко", "quantity_value": null, "quantity_unit": null, "category": "dairy", "price": 16.98, "old_price": null, "discount_pct": 0, "unit_price": null, "unit_price_base": null, "image_url": null, "validation_errors": [], "name": "LАСRIМА Сирене от краве мляко"}, {"id": 268, "store": "Kaufland", "raw_name": "РНILАDЕLРНIА Крема сирене\nразлични видове", "clean_name": "РНILАDЕLРНIА Крема сирене", "brand": "Philadelphia", "description": "Крема сирене", "quantity_value": null, "quantity_unit": null, "category": "dairy", "price": 11.48, "old_price": null, "discount_pct": 0, "unit_price": null, "unit_price_base": null, "image_url": null, "validation_errors": [], "name": "РНILАDЕLРНIА Крема сирене"}, {"id": 269, "store": "Kaufland", "raw_name": "Алфатар Заквасена сметана", "clean_name": "Алфатар Заквасена сметана", "brand": "Алфатар", "description": "Заквасена сметана", "quantity_value": null, "quantity_unit": null, "category": "dairy", "price": 3.99, "old_price": null, "discount_pct": 0, "unit_price": null, "unit_price_base": null, "image_url": null, "validation_errors": [], "name": "Алфатар Заквасена сметана"}, {"id": 270, "store": "Kaufland", "raw_name": "ДИМИТЪР МАДЖАРОВ Кашкавал Златна селекция\nот краве мляко", "clean_name": "ДИМИТЪР МАДЖАРОВ Кашкавал Златна селекция от краве мляко", "brand": "Димитър", "description": "МАДЖАРОВ Кашкавал Златна селекция от краве мляко", "quantity_value": null, "quantity_unit": null, "category": "dairy", "price": 10.99, "old_price": null, "discount_pct": 0, "unit_price": null, "unit_price_base": null, "image_url": null, "validation_errors": [], "name": "ДИМИТЪР МАДЖАРОВ Кашкавал Златна селекция от краве мляко"}, {"id": 271, "store": "Kaufland", "raw_name": "САSТЕLLО Селекция сирена", "clean_name": "САSТЕLLО Селекция сирена", "brand": "Castello", "description": "Селекция сирена", "quantity_value": null, "quantity_unit": null, "category": "clothing", "price": 12.99, "old_price": null, "discount_pct": 0, "unit_price": null, "unit_price_base": null, "image_url": null, "validation_errors": [], "name": "САSТЕLLО Селекция сирена"}, {"id": 272, "store": "Kaufland", "raw_name": "FIVЕРI Маскарпоне\nИталия", "clean_name": "FIVЕРI Маскарпоне Италия", "brand": "FivePi", "description": "Маскарпоне Италия", "quantity_value": null, "quantity_unit": null, "category": "dairy", "price": 10.48, "old_price": null, "discount_pct": 0, "unit_price": null, "unit_price_base": null, "image_url": null, "validation_errors": [], "name": "FIVЕРI Маскарпоне Италия"}, {"id": 273, "store": "Kaufland", "raw_name": "НОСНLАND Топено сирене с гауда\nРаw Раtrоl", "clean_name": "НОСНLАND Топено сирене с гауда Раw Раtrоl", "brand": "Hochland", "description": "Топено сирене с гауда Раw Раtrоl", "quantity_value": null, "quantity_unit": null, "category": "dairy", "price": 4.99, "old_price": null, "discount_pct": 0, "unit_price": null, "unit_price_base": null, "image_url": null, "validation_errors": [], "name": "НОСНLАND Топено сирене с гауда Раw Раtrоl"}, {"id": 274, "store": "Kaufland", "raw_name": "БРЕЙ! Гюбек\nнатурален", "clean_name": "БРЕЙ! Гюбек натурален", "brand": "БРЕЙ", "description": "! Гюбек натурален", "quantity_value": null, "quantity_unit": null, "category": "dairy", "price": 17.99, "old_price": null, "discount_pct": 0, "unit_price": null, "unit_price_base": null, "image_url": null, "validation_errors": [], "name": "БРЕЙ! Гюбек натурален"}, {"id": 275, "store": "Kaufland", "raw_name": "ЙОВЧЕВ Домашно кисело мляко", "clean_name": "ЙОВЧЕВ Домашно кисело мляко", "brand": "Йовчев", "description": "Домашно кисело мляко", "quantity_value": null, "quantity_unit": null, "category": "dairy", "price": 4.48, "old_price": null, "discount_pct": 0, "unit_price": null, "unit_price_base": null, "image_url": null, "validation_errors": [], "name": "ЙОВЧЕВ Домашно кисело мляко"}, {"id": 276, "store": "Kaufland", "raw_name": "САМИ-М Пръчици с кашкавал\nзамразени", "clean_name": "САМИ-М Пръчици с кашкавал замразени", "brand": "Сами", "description": "М Пръчици с кашкавал замразени", "quantity_value": null, "quantity_unit": null, "category": "dairy", "price": 3.36, "old_price": null, "discount_pct": 0, "unit_price": null, "unit_price_base": null, "image_url": null, "validation_errors": [], "name": "САМИ-М Пръчици с кашкавал замразени"}, {"id": 277, "store": "Kaufland", "raw_name": "СRЕТА FАRМS Пилешки хапки\nзамразени, панирани", "clean_name": "СRЕТА FАRМS Пилешки хапки замразени, панирани", "brand": "Creta Farms", "description": "Пилешки хапки замразени, панирани", "quantity_value": null, "quantity_unit": null, "category": "frozen", "price": 2.99, "old_price": null, "discount_pct": 0, "unit_price": null, "unit_price_base": null, "image_url": null, "validation_errors": [], "name": "СRЕТА FАRМS Пилешки хапки замразени, панирани"}, {"id": 278, "store": "Kaufland", "raw_name": "Фамилия Минибанички\nзамразени", "clean_name": "Фамилия Минибанички замразени", "brand": "Фамилия", "description": "Минибанички замразени", "quantity_value": null, "quantity_unit": null, "category": "frozen", "price": 6.98, "old_price": null, "discount_pct": 0, "unit_price": null, "unit_price_base": null, "image_url": null, "validation_errors": [], "name": "Фамилия Минибанички замразени"}, {"id": 279, "store": "Kaufland", "raw_name": "Пуйка замразена", "clean_name": "Пуйка замразена", "brand": null, "description": "Пуйка замразена", "quantity_value": null, "quantity_unit": null, "category": "frozen", "price": 8.98, "old_price": null, "discount_pct": 0, "unit_price": null, "unit_price_base": null, "image_url": null, "validation_errors": [], "name": "Пуйка замразена"}, {"id": 280, "store": "Kaufland", "raw_name": "Булкарто Бланширани картофи", "clean_name": "Булкарто Бланширани картофи", "brand": null, "description": "Булкарто Бланширани картофи", "quantity_value": null, "quantity_unit": null, "category": "produce", "price": 6.98, "old_price": null, "discount_pct": 0, "unit_price": null, "unit_price_base": null, "image_url": null, "validation_errors": [], "name": "Булкарто Бланширани картофи", "group_id": "g_a87ff679"}, {"id": 281, "store": "Kaufland", "raw_name": "Сами-М Топчета за супа", "clean_name": "Сами-М Топчета за супа", "brand": "Сами", "description": "М Топчета за супа", "quantity_value": null, "quantity_unit": null, "category": "meat", "price": 3.99, "old_price": null, "discount_pct": 0, "unit_price": null, "unit_price_base": null, "image_url": null, "validation_errors": [], "name": "Сами-М Топчета за супа"}, {"id": 282, "store": "Kaufland", "raw_name": "FАМILIА Соllесtiоn Сладолед\nразлични вкусове", "clean_name": "FАМILIА Соllесtiоn Сладолед", "brand": "Familia", "description": "Соllесtiоn Сладолед", "quantity_value": null, "quantity_unit": null, "category": "frozen", "price": 6.24, "old_price": null, "discount_pct": 0, "unit_price": null, "unit_price_base": null, "image_url": null, "validation_errors": [], "name": "FАМILIА Соllесtiоn Сладолед"}, {"id": 283, "store": "Kaufland", "raw_name": "Реnеlоре Набор за супа\nпатешки", "clean_name": "Реnеlоре Набор за супа патешки", "brand": "Penelope", "description": "Набор за супа патешки", "quantity_value": null, "quantity_unit": null, "category": "frozen", "price": 2.99, "old_price": null, "discount_pct": 0, "unit_price": null, "unit_price_base": null, "image_url": null, "validation_errors": [], "name": "Реnеlоре Набор за супа патешки"}, {"id": 284, "store": "Kaufland", "raw_name": "Данел Сафрид\nзамразен", "clean_name": "Данел Сафрид замразен", "brand": "Данел", "description": "Сафрид замразен", "quantity_value": null, "quantity_unit": null, "category": "frozen", "price": 4.99, "old_price": null, "discount_pct": 0, "unit_price": null, "unit_price_base": null, "image_url": null, "validation_errors": [], "name": "Данел Сафрид замразен"}, {"id": 285, "store": "Kaufland", "raw_name": "РRIМОFISН Хек чистен\nзамразен", "clean_name": "РRIМОFISН Хек чистен замразен", "brand": "Primofish", "description": "Хек чистен замразен", "quantity_value": null, "quantity_unit": null, "category": "frozen", "price": 5.85, "old_price": null, "discount_pct": 0, "unit_price": null, "unit_price_base": null, "image_url": null, "validation_errors": [], "name": "РRIМОFISН Хек чистен замразен"}, {"id": 286, "store": "Kaufland", "raw_name": "Реколта Кисели краставички", "clean_name": "Реколта Кисели краставички", "brand": "Реколта", "description": "Кисели краставички", "quantity_value": null, "quantity_unit": null, "category": "canned", "price": 1.99, "old_price": null, "discount_pct": 0, "unit_price": null, "unit_price_base": null, "image_url": null, "validation_errors": [], "name": "Реколта Кисели краставички"}, {"id": 287, "store": "Kaufland", "raw_name": "Маслини Гръцка салата от свежата витрина", "clean_name": "Маслини Гръцка салата", "brand": "САЛАТА", "description": "Маслини Гръцка", "quantity_value": null, "quantity_unit": null, "category": "produce", "price": 7.98, "old_price": null, "discount_pct": 0, "unit_price": null, "unit_price_base": null, "image_url": null, "validation_errors": [], "name": "Маслини Гръцка салата"}, {"id": 288, "store": "Kaufland", "raw_name": "Маслини Каламата екстра от свежата витрина", "clean_name": "Маслини Каламата екстра", "brand": null, "description": "Маслини Каламата екстра", "quantity_value": null, "quantity_unit": null, "category": "canned", "price": 11.99, "old_price": null, "discount_pct": 0, "unit_price": null, "unit_price_base": null, "image_url": null, "validation_errors": [], "name": "Маслини Каламата екстра"}, {"id": 289, "store": "Kaufland", "raw_name": "Натурални маслини Супер Колосал", "clean_name": "Натурални маслини Супер Колосал", "brand": null, "description": "Натурални маслини Супер Колосал", "quantity_value": null, "quantity_unit": null, "category": "canned", "price": 7.49, "old_price": null, "discount_pct": 0, "unit_price": null, "unit_price_base": null, "image_url": null, "validation_errors": [], "name": "Натурални маслини Супер Колосал"}, {"id": 290, "store": "Kaufland", "raw_name": "К-СLАSSIС Бургер от говеждо месо\nразлични видове", "clean_name": "К-СLАSSIС Бургер от говеждо месо", "brand": "K-Classic", "description": "Бургер от говеждо месо", "quantity_value": null, "quantity_unit": null, "category": "meat", "price": 4.99, "old_price": null, "discount_pct": 0, "unit_price": null, "unit_price_base": null, "image_url": null, "validation_errors": [], "name": "К-СLАSSIС Бургер от говеждо месо"}, {"id": 291, "store": "Kaufland", "raw_name": "К-Сlаssiс Лазаня Болонезе", "clean_name": "К-Сlаssiс Лазаня Болонезе", "brand": "K-Classic", "description": "Лазаня Болонезе", "quantity_value": null, "quantity_unit": null, "category": "frozen", "price": 9.99, "old_price": null, "discount_pct": 0, "unit_price": null, "unit_price_base": null, "image_url": null, "validation_errors": [], "name": "К-Сlаssiс Лазаня Болонезе"}, {"id": 292, "store": "Kaufland", "raw_name": "Фамилия Точени кори", "clean_name": "Фамилия Точени кори", "brand": "Фамилия", "description": "Точени кори", "quantity_value": null, "quantity_unit": null, "category": "bakery", "price": 2.99, "old_price": null, "discount_pct": 0, "unit_price": null, "unit_price_base": null, "image_url": null, "validation_errors": [], "name": "Фамилия Точени кори"}, {"id": 293, "store": "Kaufland", "raw_name": "ХАПНИ Салата\nСнежанка или Руска", "clean_name": "ХАПНИ Салата Снежанка или Руска", "brand": "САЛАТА", "description": "ХАПНИ  Снежанка или Руска", "quantity_value": null, "quantity_unit": null, "category": "produce", "price": 4.99, "old_price": null, "discount_pct": 0, "unit_price": null, "unit_price_base": null, "image_url": null, "validation_errors": [], "name": "ХАПНИ Салата Снежанка или Руска"}, {"id": 294, "store": "Kaufland", "raw_name": "ХАПНИ Руска салата", "clean_name": "ХАПНИ Руска салата", "brand": "САЛАТА", "description": "ХАПНИ Руска", "quantity_value": null, "quantity_unit": null, "category": "produce", "price": 4.99, "old_price": null, "discount_pct": 0, "unit_price": null, "unit_price_base": null, "image_url": null, "validation_errors": [], "name": "ХАПНИ Руска салата"}, {"id": 295, "store": "Kaufland", "raw_name": "Къпани кори", "clean_name": "Къпани кори", "brand": null, "description": "Къпани кори", "quantity_value": null, "quantity_unit": null, "category": "bakery", "price": 4.09, "old_price": null, "discount_pct": 0, "unit_price": null, "unit_price_base": null, "image_url": null, "validation_errors": [], "name": "Къпани кори"}, {"id": 296, "store": "Kaufland", "raw_name": "Маслини Каламата 201/260", "clean_name": "Маслини Каламата 201/260", "brand": null, "description": "Маслини Каламата 201/260", "quantity_value": null, "quantity_unit": null, "category": "canned", "price": 8.98, "old_price": null, "discount_pct": 0, "unit_price": null, "unit_price_base": null, "image_url": null, "validation_errors": [], "name": "Маслини Каламата 201/260", "group_id": "g_c81e728d"}, {"id": 297, "store": "Kaufland", "raw_name": "ТНЕ СНЕFS Компот\nот белени праскови", "clean_name": "ТНЕ СНЕFS Компот от белени праскови", "brand": null, "description": "ТНЕ СНЕFS Компот от белени праскови", "quantity_value": null, "quantity_unit": null, "category": "produce", "price": 8.98, "old_price": null, "discount_pct": 0, "unit_price": null, "unit_price_base": null, "image_url": null, "validation_errors": [], "name": "ТНЕ СНЕFS Компот от белени праскови"}, {"id": 298, "store": "Kaufland", "raw_name": "Сhеf Саrlо Сладка царевица", "clean_name": "Сhеf Саrlо Сладка царевица", "brand": "Chef Carlo", "description": "Сладка царевица", "quantity_value": null, "quantity_unit": null, "category": "canned", "price": 1.58, "old_price": null, "discount_pct": 0, "unit_price": null, "unit_price_base": null, "image_url": null, "validation_errors": [], "name": "Сhеf Саrlо Сладка царевица"}, {"id": 299, "store": "Kaufland", "raw_name": "Кrinа Боб, Нахут или Леща", "clean_name": "Кrinа Боб, Нахут или Леща", "brand": "Krina", "description": "Боб, Нахут или Леща", "quantity_value": null, "quantity_unit": null, "category": "canned", "price": 2.48, "old_price": null, "discount_pct": 0, "unit_price": null, "unit_price_base": null, "image_url": null, "validation_errors": [], "name": "Кrinа Боб, Нахут или Леща"}, {"id": 300, "store": "Kaufland", "raw_name": "К-Сlаssiс Мюсли крънч\nразлични видове", "clean_name": "К-Сlаssiс Мюсли крънч", "brand": "K-Classic", "description": "Мюсли крънч", "quantity_value": null, "quantity_unit": null, "category": "pantry", "price": 5.98, "old_price": null, "discount_pct": 0, "unit_price": null, "unit_price_base": null, "image_url": null, "validation_errors": [], "name": "К-Сlаssiс Мюсли крънч"}, {"id": 301, "store": "Kaufland", "raw_name": "Vеdа Оцет\nразлични видове", "clean_name": "Vеdа Оцет", "brand": "Veda", "description": "Оцет", "quantity_value": null, "quantity_unit": null, "category": "pantry", "price": 1.58, "old_price": null, "discount_pct": 0, "unit_price": null, "unit_price_base": null, "image_url": null, "validation_errors": [], "name": "Vеdа Оцет"}, {"id": 302, "store": "Kaufland", "raw_name": "Dеl Аlmа Масло\nот гроздови семки", "clean_name": "Dеl Аlmа Масло от гроздови семки", "brand": "Del Alma", "description": "Масло от гроздови семки", "quantity_value": null, "quantity_unit": null, "category": "pantry", "price": 14.98, "old_price": null, "discount_pct": 0, "unit_price": null, "unit_price_base": null, "image_url": null, "validation_errors": [], "name": "Dеl Аlmа Масло от гроздови семки"}, {"id": 303, "store": "Kaufland", "raw_name": "Хорцето Лютеница\nфино смляна", "clean_name": "Хорцето Лютеница фино смляна", "brand": "Хорцето", "description": "Лютеница фино смляна", "quantity_value": null, "quantity_unit": null, "category": "canned", "price": 1.99, "old_price": null, "discount_pct": 0, "unit_price": null, "unit_price_base": null, "image_url": null, "validation_errors": [], "name": "Хорцето Лютеница фино смляна"}, {"id": 304, "store": "Kaufland", "raw_name": "Rоis Орехи\nсурови", "clean_name": "Rоis Орехи сурови", "brand": "Rois", "description": "Орехи сурови", "quantity_value": null, "quantity_unit": null, "category": "pantry", "price": 2.78, "old_price": null, "discount_pct": 0, "unit_price": null, "unit_price_base": null, "image_url": null, "validation_errors": [], "name": "Rоis Орехи сурови"}, {"id": 305, "store": "Kaufland", "raw_name": "Захира Пудра захар", "clean_name": "Захира Пудра захар", "brand": "Захира", "description": "Пудра захар", "quantity_value": null, "quantity_unit": null, "category": "pantry", "price": 1.58, "old_price": null, "discount_pct": 0, "unit_price": null, "unit_price_base": null, "image_url": null, "validation_errors": [], "name": "Захира Пудра захар"}, {"id": 306, "store": "Kaufland", "raw_name": "Stеllа Макаронени изделия\nизбрани видове", "clean_name": "Stеllа Макаронени изделия", "brand": "Stella", "description": "Макаронени изделия", "quantity_value": null, "quantity_unit": null, "category": "pantry", "price": 1.94, "old_price": null, "discount_pct": 0, "unit_price": null, "unit_price_base": null, "image_url": null, "validation_errors": [], "name": "Stеllа Макаронени изделия"}, {"id": 307, "store": "Kaufland", "raw_name": "Nuсrеmа Какаов крем\nпромопакет", "clean_name": "Nuсrеmа Какаов крем промопакет", "brand": "Nucrema", "description": "Какаов крем промопакет", "quantity_value": null, "quantity_unit": null, "category": "alcohol", "price": 7.98, "old_price": null, "discount_pct": 0, "unit_price": null, "unit_price_base": null, "image_url": null, "validation_errors": [], "name": "Nuсrеmа Какаов крем промопакет"}, {"id": 308, "store": "Kaufland", "raw_name": "Вита баница различни видове", "clean_name": "Вита баница", "brand": null, "description": "Вита баница", "quantity_value": null, "quantity_unit": null, "category": "bakery", "price": 4.48, "old_price": null, "discount_pct": 0, "unit_price": null, "unit_price_base": null, "image_url": null, "validation_errors": [], "name": "Вита баница"}, {"id": 309, "store": "Kaufland", "raw_name": "Кроасан с кренвирш от свинско месо", "clean_name": "Кроасан с кренвирш от свинско месо", "brand": null, "description": "Кроасан с кренвирш от свинско месо", "quantity_value": null, "quantity_unit": null, "category": "meat", "price": 1.27, "old_price": null, "discount_pct": 0, "unit_price": null, "unit_price_base": null, "image_url": null, "validation_errors": [], "name": "Кроасан с кренвирш от свинско месо"}, {"id": 310, "store": "Kaufland", "raw_name": "Закуска с пушено сирене и шунка", "clean_name": "Закуска с пушено сирене и шунка", "brand": null, "description": "Закуска с пушено сирене и шунка", "quantity_value": null, "quantity_unit": null, "category": "dairy", "price": 0.98, "old_price": null, "discount_pct": 0, "unit_price": null, "unit_price_base": null, "image_url": null, "validation_errors": [], "name": "Закуска с пушено сирене и шунка"}, {"id": 311, "store": "Kaufland", "raw_name": "Геврек със сирене и сусам от нашата пекарна", "clean_name": "Геврек със сирене и сусам", "brand": "Наша", "description": "Геврек със сирене и сусам", "quantity_value": null, "quantity_unit": null, "category": "dairy", "price": 0.98, "old_price": null, "discount_pct": 0, "unit_price": null, "unit_price_base": null, "image_url": null, "validation_errors": [], "name": "Геврек със сирене и сусам"}, {"id": 312, "store": "Kaufland", "raw_name": "Багета от нашата пекарна", "clean_name": "Багета", "brand": "Наша", "description": "Багета", "quantity_value": null, "quantity_unit": null, "category": "bakery", "price": 1.68, "old_price": null, "discount_pct": 0, "unit_price": null, "unit_price_base": null, "image_url": null, "validation_errors": [], "name": "Багета"}, {"id": 313, "store": "Kaufland", "raw_name": "Баничка различни видове", "clean_name": "Баничка", "brand": null, "description": "Баничка", "quantity_value": null, "quantity_unit": null, "category": "bakery", "price": 0.59, "old_price": null, "discount_pct": 0, "unit_price": null, "unit_price_base": null, "image_url": null, "validation_errors": [], "name": "Баничка"}, {"id": 314, "store": "Kaufland", "raw_name": "МILКА/ ОRЕО Донът\nот нашата пекарна", "clean_name": "МILКА/ ОRЕО Донът", "brand": "Oreo", "description": "МILКА/  Донът", "quantity_value": null, "quantity_unit": null, "category": "bakery", "price": 1.19, "old_price": null, "discount_pct": 0, "unit_price": null, "unit_price_base": null, "image_url": null, "validation_errors": [], "name": "МILКА/ ОRЕО Донът"}, {"id": 315, "store": "Kaufland", "raw_name": "Донът с пълнеж и бисквитки от нашата пекарна", "clean_name": "Донът с пълнеж и бисквитки", "brand": "Наша", "description": "Донът с пълнеж и бисквитки", "quantity_value": null, "quantity_unit": null, "category": "bakery", "price": 1.19, "old_price": null, "discount_pct": 0, "unit_price": null, "unit_price_base": null, "image_url": null, "validation_errors": [], "name": "Донът с пълнеж и бисквитки"}, {"id": 316, "store": "Kaufland", "raw_name": "Баничка тип пура от нашата пекарна", "clean_name": "Баничка тип пура", "brand": "Наша", "description": "Баничка тип пура", "quantity_value": null, "quantity_unit": null, "category": "bakery", "price": 0.59, "old_price": null, "discount_pct": 0, "unit_price": null, "unit_price_base": null, "image_url": null, "validation_errors": [], "name": "Баничка тип пура"}, {"id": 317, "store": "Kaufland", "raw_name": "Кашкавалка от нашата пекарна", "clean_name": "Кашкавалка", "brand": "Наша", "description": "Кашкавалка", "quantity_value": null, "quantity_unit": null, "category": "dairy", "price": 1.19, "old_price": null, "discount_pct": 0, "unit_price": null, "unit_price_base": null, "image_url": null, "validation_errors": [], "name": "Кашкавалка"}, {"id": 318, "store": "Kaufland", "raw_name": "Хляб със сусамово семе от нашата пекарна", "clean_name": "Хляб със сусамово семе", "brand": "Наша", "description": "Хляб със сусамово семе", "quantity_value": null, "quantity_unit": null, "category": "bakery", "price": 1.49, "old_price": null, "discount_pct": 0, "unit_price": null, "unit_price_base": null, "image_url": null, "validation_errors": [], "name": "Хляб със сусамово семе"}, {"id": 319, "store": "Kaufland", "raw_name": "Сомун от нашата пекарна", "clean_name": "Сомун", "brand": "Наша", "description": "Сомун", "quantity_value": null, "quantity_unit": null, "category": "bakery", "price": 1.08, "old_price": null, "discount_pct": 0, "unit_price": null, "unit_price_base": null, "image_url": null, "validation_errors": [], "name": "Сомун", "group_id": "g_c51ce410"}, {"id": 320, "store": "Kaufland", "raw_name": "Донът с ягодов пълнеж", "clean_name": "Донът с ягодов пълнеж", "brand": null, "description": "Донът с ягодов пълнеж", "quantity_value": null, "quantity_unit": null, "category": "bakery", "price": 0.78, "old_price": null, "discount_pct": 0, "unit_price": null, "unit_price_base": null, "image_url": null, "validation_errors": [], "name": "Донът с ягодов пълнеж"}, {"id": 321, "store": "Kaufland", "raw_name": "Ида Торта Шварцвалд", "clean_name": "Ида Торта Шварцвалд", "brand": "Ида", "description": "Торта Шварцвалд", "quantity_value": null, "quantity_unit": null, "category": "desserts", "price": 13.98, "old_price": null, "discount_pct": 0, "unit_price": null, "unit_price_base": null, "image_url": null, "validation_errors": [], "name": "Ида Торта Шварцвалд"}, {"id": 322, "store": "Kaufland", "raw_name": "Елей Баварски сладкиш\nс шоколад", "clean_name": "Елей Баварски сладкиш с шоколад", "brand": "Елей", "description": "Баварски сладкиш с шоколад", "quantity_value": null, "quantity_unit": null, "category": "snacks", "price": 5.38, "old_price": null, "discount_pct": 0, "unit_price": null, "unit_price_base": null, "image_url": null, "validation_errors": [], "name": "Елей Баварски сладкиш с шоколад"}, {"id": 323, "store": "Kaufland", "raw_name": "Васi Dоlсi Торта Тирамису", "clean_name": "Васi Dоlсi Торта Тирамису", "brand": "Baci Dolci", "description": "Торта Тирамису", "quantity_value": null, "quantity_unit": null, "category": "snacks", "price": 10.48, "old_price": null, "discount_pct": 0, "unit_price": null, "unit_price_base": null, "image_url": null, "validation_errors": [], "name": "Васi Dоlсi Торта Тирамису"}, {"id": 324, "store": "Kaufland", "raw_name": "Целувки различни видове", "clean_name": "Целувки", "brand": null, "description": "Целувки", "quantity_value": null, "quantity_unit": null, "category": "bakery", "price": 2.48, "old_price": null, "discount_pct": 0, "unit_price": null, "unit_price_base": null, "image_url": null, "validation_errors": [], "name": "Целувки"}, {"id": 325, "store": "Kaufland", "raw_name": "Соuрlе саkе Кексче\nразлични вкусове", "clean_name": "Соuрlе саkе Кексче", "brand": "Couple Cake", "description": "Кексче", "quantity_value": null, "quantity_unit": null, "category": "bakery", "price": 3.29, "old_price": null, "discount_pct": 0, "unit_price": null, "unit_price_base": null, "image_url": null, "validation_errors": [], "name": "Соuрlе саkе Кексче"}, {"id": 326, "store": "Kaufland", "raw_name": "Руен Бисквити\nразлични видове", "clean_name": "Руен Бисквити", "brand": "Руен", "description": "Бисквити", "quantity_value": null, "quantity_unit": null, "category": "snacks", "price": 1.99, "old_price": null, "discount_pct": 0, "unit_price": null, "unit_price_base": null, "image_url": null, "validation_errors": [], "name": "Руен Бисквити"}, {"id": 327, "store": "Kaufland", "raw_name": "Бисквити с мармалад или с локум", "clean_name": "Бисквити с мармалад или с локум", "brand": null, "description": "Бисквити с мармалад или с локум", "quantity_value": null, "quantity_unit": null, "category": "snacks", "price": 1.99, "old_price": null, "discount_pct": 0, "unit_price": null, "unit_price_base": null, "image_url": null, "validation_errors": [], "name": "Бисквити с мармалад или с локум"}, {"id": 328, "store": "Kaufland", "raw_name": "Хляб Добруджа", "clean_name": "Хляб Добруджа", "brand": null, "description": "Хляб Добруджа", "quantity_value": null, "quantity_unit": null, "category": "bakery", "price": 1.19, "old_price": null, "discount_pct": 0, "unit_price": null, "unit_price_base": null, "image_url": null, "validation_errors": [], "name": "Хляб Добруджа"}, {"id": 329, "store": "Kaufland", "raw_name": "Вg Linе Суха паста Ретро\nразлични видове", "clean_name": "Вg Linе Суха паста Ретро", "brand": "Bg Line", "description": "Суха паста Ретро", "quantity_value": null, "quantity_unit": null, "category": "pantry", "price": 0.59, "old_price": null, "discount_pct": 0, "unit_price": null, "unit_price_base": null, "image_url": null, "validation_errors": [], "name": "Вg Linе Суха паста Ретро"}, {"id": 330, "store": "Kaufland", "raw_name": "Вита Силует Хляб\nразлични видове", "clean_name": "Вита Силует Хляб", "brand": null, "description": "Вита Силует Хляб", "quantity_value": null, "quantity_unit": null, "category": "bakery", "price": 2.39, "old_price": null, "discount_pct": 0, "unit_price": null, "unit_price_base": null, "image_url": null, "validation_errors": [], "name": "Вита Силует Хляб", "group_id": "g_aab32389"}, {"id": 331, "store": "Kaufland", "raw_name": "7 Dауs Мах/7 Dауs Dоublе Мах Кроасан\nразлични видове", "clean_name": "7 Dауs Мах/7 Dауs Dоublе Мах Кроасан", "brand": "MAX", "description": "7 Dауs /7 Dауs Dоublе  Кроасан", "quantity_value": null, "quantity_unit": null, "category": "bakery", "price": 1.19, "old_price": null, "discount_pct": 0, "unit_price": null, "unit_price_base": null, "image_url": null, "validation_errors": [], "name": "7 Dауs Мах/7 Dауs Dоublе Мах Кроасан"}, {"id": 332, "store": "Kaufland", "raw_name": "7 DАYS Кроасан Dоublе\nванилия&ягода", "clean_name": "7 DАYS Кроасан Dоublе ванилия&ягода", "brand": "DAYS", "description": "7  Кроасан Dоublе ванилия&ягода", "quantity_value": null, "quantity_unit": null, "category": "bakery", "price": 1.19, "old_price": null, "discount_pct": 0, "unit_price": null, "unit_price_base": null, "image_url": null, "validation_errors": [], "name": "7 DАYS Кроасан Dоublе ванилия&ягода"}, {"id": 333, "store": "Kaufland", "raw_name": "Поничка сърце от нашата пекарна", "clean_name": "Поничка сърце", "brand": "Наша", "description": "Поничка сърце", "quantity_value": null, "quantity_unit": null, "category": "bakery", "price": 1.29, "old_price": null, "discount_pct": 0, "unit_price": null, "unit_price_base": null, "image_url": null, "validation_errors": [], "name": "Поничка сърце"}, {"id": 334, "store": "Kaufland", "raw_name": "ИДА Торта\nмеден йогурт", "clean_name": "ИДА Торта меден йогурт", "brand": "Ида", "description": "Торта меден йогурт", "quantity_value": null, "quantity_unit": null, "category": "dairy", "price": 12.99, "old_price": null, "discount_pct": 0, "unit_price": null, "unit_price_base": null, "image_url": null, "validation_errors": [], "name": "ИДА Торта меден йогурт"}, {"id": 335, "store": "Kaufland", "raw_name": "Сладкиш сърце с ягоди", "clean_name": "Сладкиш сърце с ягоди", "brand": null, "description": "Сладкиш сърце с ягоди", "quantity_value": null, "quantity_unit": null, "category": "produce", "price": 1.58, "old_price": null, "discount_pct": 0, "unit_price": null, "unit_price_base": null, "image_url": null, "validation_errors": [], "name": "Сладкиш сърце с ягоди"}, {"id": 336, "store": "Kaufland", "raw_name": "КРИНОС Торта Френска селска", "clean_name": "КРИНОС Торта Френска селска", "brand": "Кринос", "description": "Торта Френска селска", "quantity_value": null, "quantity_unit": null, "category": "snacks", "price": 7.98, "old_price": null, "discount_pct": 0, "unit_price": null, "unit_price_base": null, "image_url": null, "validation_errors": [], "name": "КРИНОС Торта Френска селска"}, {"id": 337, "store": "Kaufland", "raw_name": "Таstу Еклер с шоколад", "clean_name": "Таstу Еклер с шоколад", "brand": "Tasty", "description": "Еклер с шоколад", "quantity_value": null, "quantity_unit": null, "category": "snacks", "price": 3.99, "old_price": null, "discount_pct": 0, "unit_price": null, "unit_price_base": null, "image_url": null, "validation_errors": [], "name": "Таstу Еклер с шоколад"}, {"id": 338, "store": "Kaufland", "raw_name": "АЕА Тарали\nразлични видове", "clean_name": "АЕА Тарали", "brand": "АЕА", "description": "Тарали", "quantity_value": null, "quantity_unit": null, "category": "snacks", "price": 2.99, "old_price": null, "discount_pct": 0, "unit_price": null, "unit_price_base": null, "image_url": null, "validation_errors": [], "name": "АЕА Тарали"}, {"id": 339, "store": "Kaufland", "raw_name": "ПРЕСТИЖ Миникейк\nразлични видове", "clean_name": "ПРЕСТИЖ Миникейк", "brand": "Престиж", "description": "Миникейк", "quantity_value": null, "quantity_unit": null, "category": "snacks", "price": 0.49, "old_price": null, "discount_pct": 0, "unit_price": null, "unit_price_base": null, "image_url": null, "validation_errors": [], "name": "ПРЕСТИЖ Миникейк"}, {"id": 340, "store": "Kaufland", "raw_name": "GRАND СОММЕRСЕ Кифлички\nразлични видове", "clean_name": "GRАND СОММЕRСЕ Кифлички", "brand": "Grand Commerce", "description": "Кифлички", "quantity_value": null, "quantity_unit": null, "category": "bakery", "price": 1.99, "old_price": null, "discount_pct": 0, "unit_price": null, "unit_price_base": null, "image_url": null, "validation_errors": [], "name": "GRАND СОММЕRСЕ Кифлички"}, {"id": 341, "store": "Kaufland", "raw_name": "Кифлички с какаов крем", "clean_name": "Кифлички с какаов крем", "brand": null, "description": "Кифлички с какаов крем", "quantity_value": null, "quantity_unit": null, "category": "personal_care", "price": 1.99, "old_price": null, "discount_pct": 0, "unit_price": null, "unit_price_base": null, "image_url": null, "validation_errors": [], "name": "Кифлички с какаов крем"}, {"id": 342, "store": "Kaufland", "raw_name": "Домашни сладки", "clean_name": "Домашни сладки", "brand": "Сладки", "description": "Домашни", "quantity_value": null, "quantity_unit": null, "category": "snacks", "price": 9.99, "old_price": null, "discount_pct": 0, "unit_price": null, "unit_price_base": null, "image_url": null, "validation_errors": [], "name": "Домашни сладки"}, {"id": 343, "store": "Kaufland", "raw_name": "Традиция за трапезата Сладко жито", "clean_name": "Традиция за трапезата Сладко жито", "brand": "Традиция", "description": "за трапезата Сладко жито", "quantity_value": null, "quantity_unit": null, "category": "pantry", "price": 2.84, "old_price": null, "discount_pct": 0, "unit_price": null, "unit_price_base": null, "image_url": null, "validation_errors": [], "name": "Традиция за трапезата Сладко жито"}, {"id": 344, "store": "Kaufland", "raw_name": "Донът Купидон с бели сърчица от нашата пекарна", "clean_name": "Донът Купидон с бели сърчица", "brand": "Наша", "description": "Донът Купидон с бели сърчица", "quantity_value": null, "quantity_unit": null, "category": "bakery", "price": 0.88, "old_price": null, "discount_pct": 0, "unit_price": null, "unit_price_base": null, "image_url": null, "validation_errors": [], "name": "Донът Купидон с бели сърчица"}, {"id": 345, "store": "Kaufland", "raw_name": "ТАSТY Торта Св. Валентин\nс бял шоколад", "clean_name": "ТАSТY Торта Св. Валентин с бял шоколад", "brand": "Tasty", "description": "Торта Св. Валентин с бял шоколад", "quantity_value": null, "quantity_unit": null, "category": "snacks", "price": 9.76, "old_price": null, "discount_pct": 0, "unit_price": null, "unit_price_base": null, "image_url": null, "validation_errors": [], "name": "ТАSТY Торта Св. Валентин с бял шоколад"}, {"id": 346, "store": "Kaufland", "raw_name": "Брей! Българска пшеница\nгрухана", "clean_name": "Брей! Българска пшеница грухана", "brand": "БРЕЙ", "description": "! Българска пшеница грухана", "quantity_value": null, "quantity_unit": null, "category": "pantry", "price": 1.29, "old_price": null, "discount_pct": 0, "unit_price": null, "unit_price_base": null, "image_url": null, "validation_errors": [], "name": "Брей! Българска пшеница грухана"}, {"id": 347, "store": "Kaufland", "raw_name": "Олинеза Майонеза\nза салати", "clean_name": "Олинеза Майонеза за салати", "brand": "Олинеза", "description": "Майонеза за салати", "quantity_value": null, "quantity_unit": null, "category": "pantry", "price": 6.98, "old_price": null, "discount_pct": 0, "unit_price": null, "unit_price_base": null, "image_url": null, "validation_errors": [], "name": "Олинеза Майонеза за салати"}, {"id": 348, "store": "Kaufland", "raw_name": "Nutеllа Лешниково-какаов крем", "clean_name": "Nutеllа Лешниково-какаов крем", "brand": "Nutella", "description": "Лешниково-какаов крем", "quantity_value": null, "quantity_unit": null, "category": "personal_care", "price": 14.98, "old_price": null, "discount_pct": 0, "unit_price": null, "unit_price_base": null, "image_url": null, "validation_errors": [], "name": "Nutеllа Лешниково-какаов крем"}, {"id": 349, "store": "Kaufland", "raw_name": "Топаз Мел Брашно\nтип 500", "clean_name": "Топаз Мел Брашно тип 500", "brand": "Топаз", "description": "Мел Брашно тип 500", "quantity_value": null, "quantity_unit": null, "category": "pantry", "price": 5.46, "old_price": null, "discount_pct": 0, "unit_price": null, "unit_price_base": null, "image_url": null, "validation_errors": [], "name": "Топаз Мел Брашно тип 500"}, {"id": 350, "store": "Kaufland", "raw_name": "СОSТА D'ОRО LЕ СОLLINЕ Маслиново масло", "clean_name": "СОSТА D'ОRО LЕ СОLLINЕ Маслиново масло", "brand": "Costa D'Oro", "description": "LЕ СОLLINЕ Маслиново масло", "quantity_value": null, "quantity_unit": null, "category": "pantry", "price": 14.98, "old_price": null, "discount_pct": 0, "unit_price": null, "unit_price_base": null, "image_url": null, "validation_errors": [], "name": "СОSТА D'ОRО LЕ СОLLINЕ Маслиново масло"}, {"id": 351, "store": "Kaufland", "raw_name": "АТАNI Сладък червен пипер\nмлян", "clean_name": "АТАNI Сладък червен пипер млян", "brand": "Atani", "description": "Сладък червен пипер млян", "quantity_value": null, "quantity_unit": null, "category": "produce", "price": 6.83, "old_price": null, "discount_pct": 0, "unit_price": null, "unit_price_base": null, "image_url": null, "validation_errors": [], "name": "АТАNI Сладък червен пипер млян"}, {"id": 352, "store": "Kaufland", "raw_name": "Закуска Болонезе от нашата пекарна", "clean_name": "Закуска Болонезе", "brand": "Наша", "description": "Закуска Болонезе", "quantity_value": null, "quantity_unit": null, "category": "bakery", "price": 1.29, "old_price": null, "discount_pct": 0, "unit_price": null, "unit_price_base": null, "image_url": null, "validation_errors": [], "name": "Закуска Болонезе"}, {"id": 353, "store": "Kaufland", "raw_name": "Багета със семена от нашата пекарна", "clean_name": "Багета със семена", "brand": "Наша", "description": "Багета със семена", "quantity_value": null, "quantity_unit": null, "category": "bakery", "price": 0.45, "old_price": null, "discount_pct": 0, "unit_price": null, "unit_price_base": null, "image_url": null, "validation_errors": [], "name": "Багета със семена"}, {"id": 354, "store": "Kaufland", "raw_name": "Боровец Кексче\nразлични видове", "clean_name": "Боровец Кексче", "brand": "Боровец", "description": "Кексче", "quantity_value": null, "quantity_unit": null, "category": "bakery", "price": 1.49, "old_price": null, "discount_pct": 0, "unit_price": null, "unit_price_base": null, "image_url": null, "validation_errors": [], "name": "Боровец Кексче"}, {"id": 355, "store": "Kaufland", "raw_name": "Руло различни видове", "clean_name": "Руло", "brand": "Руло", "description": "", "quantity_value": null, "quantity_unit": null, "category": "bakery", "price": 2.99, "old_price": null, "discount_pct": 0, "unit_price": null, "unit_price_base": null, "image_url": null, "validation_errors": [], "name": "Руло"}, {"id": 356, "store": "Kaufland", "raw_name": "Торта Сахер", "clean_name": "Торта Сахер", "brand": null, "description": "Торта Сахер", "quantity_value": null, "quantity_unit": null, "category": "snacks", "price": 12.99, "old_price": null, "discount_pct": 0, "unit_price": null, "unit_price_base": null, "image_url": null, "validation_errors": [], "name": "Торта Сахер"}, {"id": 357, "store": "Kaufland", "raw_name": "Роден край Суха паста", "clean_name": "Роден край Суха паста", "brand": "Роден", "description": "край Суха паста", "quantity_value": null, "quantity_unit": null, "category": "pantry", "price": 2.09, "old_price": null, "discount_pct": 0, "unit_price": null, "unit_price_base": null, "image_url": null, "validation_errors": [], "name": "Роден край Суха паста"}, {"id": 358, "store": "Kaufland", "raw_name": "Руло различни вкусове", "clean_name": "Руло", "brand": "Руло", "description": "", "quantity_value": null, "quantity_unit": null, "category": "bakery", "price": 2.99, "old_price": null, "discount_pct": 0, "unit_price": null, "unit_price_base": null, "image_url": null, "validation_errors": [], "name": "Руло"}, {"id": 359, "store": "Kaufland", "raw_name": "Sаlzа Соленки с вкус\nразлични видове", "clean_name": "Sаlzа Соленки с вкус", "brand": "Salza", "description": "Соленки с вкус", "quantity_value": null, "quantity_unit": null, "category": "pantry", "price": 2.39, "old_price": null, "discount_pct": 0, "unit_price": null, "unit_price_base": null, "image_url": null, "validation_errors": [], "name": "Sаlzа Соленки с вкус"}, {"id": 360, "store": "Kaufland", "raw_name": "Веган кроасан с пълнеж кайсия", "clean_name": "Веган кроасан с пълнеж кайсия", "brand": null, "description": "Веган кроасан с пълнеж кайсия", "quantity_value": null, "quantity_unit": null, "category": "bakery", "price": 0.78, "old_price": null, "discount_pct": 0, "unit_price": null, "unit_price_base": null, "image_url": null, "validation_errors": [], "name": "Веган кроасан с пълнеж кайсия"}, {"id": 361, "store": "Kaufland", "raw_name": "Дон Домат Конфитюр\nразлични видове", "clean_name": "Дон Домат Конфитюр", "brand": null, "description": "Дон Домат Конфитюр", "quantity_value": null, "quantity_unit": null, "category": "pantry", "price": 3.99, "old_price": null, "discount_pct": 0, "unit_price": null, "unit_price_base": null, "image_url": null, "validation_errors": [], "name": "Дон Домат Конфитюр"}, {"id": 362, "store": "Kaufland", "raw_name": "Nеstlе Зърнена закуска\nразлични видове", "clean_name": "Nеstlе Зърнена закуска", "brand": "Nestle", "description": "Зърнена закуска", "quantity_value": null, "quantity_unit": null, "category": "baby", "price": 6.28, "old_price": null, "discount_pct": 0, "unit_price": null, "unit_price_base": null, "image_url": null, "validation_errors": [], "name": "Nеstlе Зърнена закуска"}, {"id": 363, "store": "Kaufland", "raw_name": "НЕINZ Майонеза\nкласик", "clean_name": "НЕINZ Майонеза класик", "brand": "Heinz", "description": "Майонеза класик", "quantity_value": null, "quantity_unit": null, "category": "pantry", "price": 4.48, "old_price": null, "discount_pct": 0, "unit_price": null, "unit_price_base": null, "image_url": null, "validation_errors": [], "name": "НЕINZ Майонеза класик"}, {"id": 364, "store": "Kaufland", "raw_name": "ЕТI Солети с кашкавал", "clean_name": "ЕТI Солети с кашкавал", "brand": "ETI", "description": "Солети с кашкавал", "quantity_value": null, "quantity_unit": null, "category": "dairy", "price": 0.45, "old_price": null, "discount_pct": 0, "unit_price": null, "unit_price_base": null, "image_url": null, "validation_errors": [], "name": "ЕТI Солети с кашкавал"}, {"id": 365, "store": "Kaufland", "raw_name": "ЕТI Солети\nразлични видове", "clean_name": "ЕТI Солети", "brand": "ETI", "description": "Солети", "quantity_value": null, "quantity_unit": null, "category": "snacks", "price": 0.45, "old_price": null, "discount_pct": 0, "unit_price": null, "unit_price_base": null, "image_url": null, "validation_errors": [], "name": "ЕТI Солети"}, {"id": 366, "store": "Kaufland", "raw_name": "Stаr Снакс\nразлични вкусове", "clean_name": "Stаr Снакс", "brand": "Star", "description": "Снакс", "quantity_value": null, "quantity_unit": null, "category": "snacks", "price": 1.19, "old_price": null, "discount_pct": 0, "unit_price": null, "unit_price_base": null, "image_url": null, "validation_errors": [], "name": "Stаr Снакс"}, {"id": 367, "store": "Kaufland", "raw_name": "Stаr Снакс\nфъстък и лешник", "clean_name": "Stаr Снакс фъстък и лешник", "brand": "Star", "description": "Снакс фъстък и лешник", "quantity_value": null, "quantity_unit": null, "category": "snacks", "price": 1.19, "old_price": null, "discount_pct": 0, "unit_price": null, "unit_price_base": null, "image_url": null, "validation_errors": [], "name": "Stаr Снакс фъстък и лешник"}, {"id": 368, "store": "Kaufland", "raw_name": "Амфора Бонбони", "clean_name": "Амфора Бонбони", "brand": "Амфора", "description": "Бонбони", "quantity_value": null, "quantity_unit": null, "category": "snacks", "price": 2.99, "old_price": null, "discount_pct": 0, "unit_price": null, "unit_price_base": null, "image_url": null, "validation_errors": [], "name": "Амфора Бонбони"}, {"id": 369, "store": "Kaufland", "raw_name": "Боровец Вафла\nразлични вкусове", "clean_name": "Боровец Вафла", "brand": "Боровец", "description": "Вафла", "quantity_value": null, "quantity_unit": null, "category": "snacks", "price": 0.45, "old_price": null, "discount_pct": 0, "unit_price": null, "unit_price_base": null, "image_url": null, "validation_errors": [], "name": "Боровец Вафла"}, {"id": 370, "store": "Kaufland", "raw_name": "Боровец Вафли\nразлични видове", "clean_name": "Боровец Вафли", "brand": "Боровец", "description": "Вафли", "quantity_value": null, "quantity_unit": null, "category": "snacks", "price": 0.45, "old_price": null, "discount_pct": 0, "unit_price": null, "unit_price_base": null, "image_url": null, "validation_errors": [], "name": "Боровец Вафли"}, {"id": 371, "store": "Kaufland", "raw_name": "Пловдивски локум различни видове", "clean_name": "Пловдивски локум", "brand": "Пловдивски", "description": "локум", "quantity_value": null, "quantity_unit": null, "category": "snacks", "price": 0.98, "old_price": null, "discount_pct": 0, "unit_price": null, "unit_price_base": null, "image_url": null, "validation_errors": [], "name": "Пловдивски локум"}, {"id": 372, "store": "Kaufland", "raw_name": "Кристал Локум", "clean_name": "Кристал Локум", "brand": "Кристал", "description": "Локум", "quantity_value": null, "quantity_unit": null, "category": "snacks", "price": 0.98, "old_price": null, "discount_pct": 0, "unit_price": null, "unit_price_base": null, "image_url": null, "validation_errors": [], "name": "Кристал Локум", "group_id": "g_3c59dc04"}, {"id": 373, "store": "Kaufland", "raw_name": "Сладки времена Минилокум\nобикновен", "clean_name": "Сладки времена Минилокум обикновен", "brand": "Сладки", "description": "времена Минилокум обикновен", "quantity_value": null, "quantity_unit": null, "category": "snacks", "price": 0.25, "old_price": null, "discount_pct": 0, "unit_price": null, "unit_price_base": null, "image_url": null, "validation_errors": [], "name": "Сладки времена Минилокум обикновен"}, {"id": 374, "store": "Kaufland", "raw_name": "Сладки времена Локум или Халва\nразлични видове", "clean_name": "Сладки времена Локум или Халва", "brand": "Сладки", "description": "времена Локум или Халва", "quantity_value": null, "quantity_unit": null, "category": "snacks", "price": 0.25, "old_price": null, "discount_pct": 0, "unit_price": null, "unit_price_base": null, "image_url": null, "validation_errors": [], "name": "Сладки времена Локум или Халва"}, {"id": 375, "store": "Kaufland", "raw_name": "Хели Вафла Ретро\nизбрани видове", "clean_name": "Хели Вафла Ретро", "brand": "Хели", "description": "Вафла Ретро", "quantity_value": null, "quantity_unit": null, "category": "snacks", "price": 0.55, "old_price": null, "discount_pct": 0, "unit_price": null, "unit_price_base": null, "image_url": null, "validation_errors": [], "name": "Хели Вафла Ретро", "group_id": "g_b6d767d2"}, {"id": 376, "store": "Kaufland", "raw_name": "Хели Ретро вафла\nизбрани видове", "clean_name": "Хели Ретро вафла", "brand": "Хели", "description": "Ретро вафла", "quantity_value": null, "quantity_unit": null, "category": "snacks", "price": 0.55, "old_price": null, "discount_pct": 0, "unit_price": null, "unit_price_base": null, "image_url": null, "validation_errors": [], "name": "Хели Ретро вафла"}, {"id": 377, "store": "Kaufland", "raw_name": "Rоshеn Шоколадови бонбони", "clean_name": "Rоshеn Шоколадови бонбони", "brand": "Roshen", "description": "Шоколадови бонбони", "quantity_value": null, "quantity_unit": null, "category": "snacks", "price": 9.49, "old_price": null, "discount_pct": 0, "unit_price": null, "unit_price_base": null, "image_url": null, "validation_errors": [], "name": "Rоshеn Шоколадови бонбони"}, {"id": 378, "store": "Kaufland", "raw_name": "Rоshеn Шоколадови бонбони\nСhосоlаtеriа", "clean_name": "Rоshеn Шоколадови бонбони Сhосоlаtеriа", "brand": "Roshen", "description": "Шоколадови бонбони Сhосоlаtеriа", "quantity_value": null, "quantity_unit": null, "category": "snacks", "price": 9.49, "old_price": null, "discount_pct": 0, "unit_price": null, "unit_price_base": null, "image_url": null, "validation_errors": [], "name": "Rоshеn Шоколадови бонбони Сhосоlаtеriа"}, {"id": 379, "store": "Kaufland", "raw_name": "LINDТ LINDОR Бонбони сърце\nразлични видове", "clean_name": "LINDТ LINDОR Бонбони сърце", "brand": "Lindt", "description": "LINDОR Бонбони сърце", "quantity_value": null, "quantity_unit": null, "category": "snacks", "price": 13.98, "old_price": null, "discount_pct": 0, "unit_price": null, "unit_price_base": null, "image_url": null, "validation_errors": [], "name": "LINDТ LINDОR Бонбони сърце"}, {"id": 380, "store": "Kaufland", "raw_name": "RАFFАЕLLО Бонбони сърце", "clean_name": "RАFFАЕLLО Бонбони сърце", "brand": "Raffaello", "description": "Бонбони сърце", "quantity_value": null, "quantity_unit": null, "category": "snacks", "price": 9.68, "old_price": null, "discount_pct": 0, "unit_price": null, "unit_price_base": null, "image_url": null, "validation_errors": [], "name": "RАFFАЕLLО Бонбони сърце", "group_id": "g_37693cfc"}, {"id": 381, "store": "Kaufland", "raw_name": "NIЕDЕRЕGGЕR Марципанови бонбони\nсърца", "clean_name": "NIЕDЕRЕGGЕR Марципанови бонбони сърца", "brand": "Niederegger", "description": "Марципанови бонбони сърца", "quantity_value": null, "quantity_unit": null, "category": "snacks", "price": 13.59, "old_price": null, "discount_pct": 0, "unit_price": null, "unit_price_base": null, "image_url": null, "validation_errors": [], "name": "NIЕDЕRЕGGЕR Марципанови бонбони сърца"}, {"id": 382, "store": "Kaufland", "raw_name": "Еdusсhо Кафе на зърна\nразлични видове", "clean_name": "Еdusсhо Кафе на зърна", "brand": "Eduscho", "description": "Кафе на зърна", "quantity_value": null, "quantity_unit": null, "category": "coffee", "price": 29.98, "old_price": null, "discount_pct": 0, "unit_price": null, "unit_price_base": null, "image_url": null, "validation_errors": [], "name": "Еdusсhо Кафе на зърна"}, {"id": 383, "store": "Kaufland", "raw_name": "Rоshеn Шоколадови бонбони\nСhеrrу quееn", "clean_name": "Rоshеn Шоколадови бонбони Сhеrrу quееn", "brand": "Roshen", "description": "Шоколадови бонбони Сhеrrу quееn", "quantity_value": null, "quantity_unit": null, "category": "snacks", "price": 5.98, "old_price": null, "discount_pct": 0, "unit_price": null, "unit_price_base": null, "image_url": null, "validation_errors": [], "name": "Rоshеn Шоколадови бонбони Сhеrrу quееn"}, {"id": 384, "store": "Kaufland", "raw_name": "МИРАЖ Тунквани бисквити Макси", "clean_name": "МИРАЖ Тунквани бисквити Макси", "brand": "Мираж", "description": "Тунквани бисквити Макси", "quantity_value": null, "quantity_unit": null, "category": "snacks", "price": 2.99, "old_price": null, "discount_pct": 0, "unit_price": null, "unit_price_base": null, "image_url": null, "validation_errors": [], "name": "МИРАЖ Тунквани бисквити Макси"}, {"id": 385, "store": "Kaufland", "raw_name": "Царевец Обикновени вафли", "clean_name": "Царевец Обикновени вафли", "brand": "Царевец", "description": "Обикновени вафли", "quantity_value": null, "quantity_unit": null, "category": "snacks", "price": 6.98, "old_price": null, "discount_pct": 0, "unit_price": null, "unit_price_base": null, "image_url": null, "validation_errors": [], "name": "Царевец Обикновени вафли"}, {"id": 386, "store": "Kaufland", "raw_name": "Рорz Пуканки за микровълнова", "clean_name": "Рорz Пуканки за микровълнова", "brand": "Popz", "description": "Пуканки за микровълнова", "quantity_value": null, "quantity_unit": null, "category": "snacks", "price": 5.48, "old_price": null, "discount_pct": 0, "unit_price": null, "unit_price_base": null, "image_url": null, "validation_errors": [], "name": "Рорz Пуканки за микровълнова"}, {"id": 387, "store": "Kaufland", "raw_name": "Rоshеn Вафли Jоhnnу Кrосkеr\nразлични видове", "clean_name": "Rоshеn Вафли Jоhnnу Кrосkеr", "brand": "Roshen", "description": "Вафли Jоhnnу Кrосkеr", "quantity_value": null, "quantity_unit": null, "category": "snacks", "price": 9.49, "old_price": null, "discount_pct": 0, "unit_price": null, "unit_price_base": null, "image_url": null, "validation_errors": [], "name": "Rоshеn Вафли Jоhnnу Кrосkеr"}, {"id": 388, "store": "Kaufland", "raw_name": "Алпи Дъвчащи бонбони\nразлични видове", "clean_name": "Алпи Дъвчащи бонбони", "brand": "Алпи", "description": "Дъвчащи бонбони", "quantity_value": null, "quantity_unit": null, "category": "snacks", "price": 2.89, "old_price": null, "discount_pct": 0, "unit_price": null, "unit_price_base": null, "image_url": null, "validation_errors": [], "name": "Алпи Дъвчащи бонбони"}, {"id": 389, "store": "Kaufland", "raw_name": "Наribо Желирани бонбони\nразлични видове", "clean_name": "Наribо Желирани бонбони", "brand": "Haribo", "description": "Желирани бонбони", "quantity_value": null, "quantity_unit": null, "category": "snacks", "price": 1.68, "old_price": null, "discount_pct": 0, "unit_price": null, "unit_price_base": null, "image_url": null, "validation_errors": [], "name": "Наribо Желирани бонбони"}, {"id": 390, "store": "Kaufland", "raw_name": "Nеsсаfе Разтворимо кафе 2в1 или 3в1", "clean_name": "Nеsсаfе Разтворимо кафе 2в1 или 3в1", "brand": "Nescafe", "description": "Разтворимо кафе 2в1 или 3в1", "quantity_value": null, "quantity_unit": null, "category": "coffee", "price": 2.89, "old_price": null, "discount_pct": 0, "unit_price": null, "unit_price_base": null, "image_url": null, "validation_errors": [], "name": "Nеsсаfе Разтворимо кафе 2в1 или 3в1"}, {"id": 391, "store": "Kaufland", "raw_name": "Тсhibо Еsрrеssо Мляно кафе\nразлични видове", "clean_name": "Тсhibо Еsрrеssо Мляно кафе", "brand": "Tchibo", "description": "Тсhibо  Мляно кафе", "quantity_value": null, "quantity_unit": null, "category": "coffee", "price": 9.99, "old_price": null, "discount_pct": 0, "unit_price": null, "unit_price_base": null, "image_url": null, "validation_errors": [], "name": "Тсhibо Еsрrеssо Мляно кафе"}, {"id": 392, "store": "Kaufland", "raw_name": "Кit Каt сhunkу/ Liоn Десерт\nразлични вкусове", "clean_name": "Кit Каt сhunkу/ Liоn Десерт", "brand": "Kit", "description": "Каt сhunkу/ Liоn Десерт", "quantity_value": null, "quantity_unit": null, "category": "snacks", "price": 1.15, "old_price": null, "discount_pct": 0, "unit_price": null, "unit_price_base": null, "image_url": null, "validation_errors": [], "name": "Кit Каt сhunkу/ Liоn Десерт"}, {"id": 393, "store": "Kaufland", "raw_name": "Nеstlе Liоn Десерт\nразлични видове", "clean_name": "Nеstlе Liоn Десерт", "brand": "Nestle", "description": "Liоn Десерт", "quantity_value": null, "quantity_unit": null, "category": "snacks", "price": 1.15, "old_price": null, "discount_pct": 0, "unit_price": null, "unit_price_base": null, "image_url": null, "validation_errors": [], "name": "Nеstlе Liоn Десерт"}, {"id": 394, "store": "Kaufland", "raw_name": "Насладки Бисквити с пълнеж\nразлични видове", "clean_name": "Насладки Бисквити с пълнеж", "brand": "Насладки", "description": "Бисквити с пълнеж", "quantity_value": null, "quantity_unit": null, "category": "snacks", "price": 1.88, "old_price": null, "discount_pct": 0, "unit_price": null, "unit_price_base": null, "image_url": null, "validation_errors": [], "name": "Насладки Бисквити с пълнеж"}, {"id": 395, "store": "Kaufland", "raw_name": "Насладки Бисквити с пълнеж\nсиня слива", "clean_name": "Насладки Бисквити с пълнеж синя слива", "brand": "Насладки", "description": "Бисквити с пълнеж синя слива", "quantity_value": null, "quantity_unit": null, "category": "snacks", "price": 1.88, "old_price": null, "discount_pct": 0, "unit_price": null, "unit_price_base": null, "image_url": null, "validation_errors": [], "name": "Насладки Бисквити с пълнеж синя слива"}, {"id": 396, "store": "Kaufland", "raw_name": "Споко Тунквана вафла\nМакси", "clean_name": "Споко Тунквана вафла Макси", "brand": "Споко", "description": "Тунквана вафла Макси", "quantity_value": null, "quantity_unit": null, "category": "snacks", "price": 0.55, "old_price": null, "discount_pct": 0, "unit_price": null, "unit_price_base": null, "image_url": null, "validation_errors": [], "name": "Споко Тунквана вафла Макси"}, {"id": 397, "store": "Kaufland", "raw_name": "Кimbо Кафе на зърна", "clean_name": "Кimbо Кафе на зърна", "brand": "Kimbo", "description": "Кафе на зърна", "quantity_value": null, "quantity_unit": null, "category": "coffee", "price": 36.98, "old_price": null, "discount_pct": 0, "unit_price": null, "unit_price_base": null, "image_url": null, "validation_errors": [], "name": "Кimbо Кафе на зърна"}, {"id": 398, "store": "Kaufland", "raw_name": "Rufflеs Картофен чипс\nразлични вкусове", "clean_name": "Rufflеs Картофен чипс", "brand": "Ruffles", "description": "Картофен чипс", "quantity_value": null, "quantity_unit": null, "category": "snacks", "price": 2.25, "old_price": null, "discount_pct": 0, "unit_price": null, "unit_price_base": null, "image_url": null, "validation_errors": [], "name": "Rufflеs Картофен чипс"}, {"id": 399, "store": "Kaufland", "raw_name": "Rufflеs Картофен чипс\nразлични вкусове", "clean_name": "Rufflеs Картофен чипс", "brand": "Ruffles", "description": "Картофен чипс", "quantity_value": null, "quantity_unit": null, "category": "snacks", "price": 2.25, "old_price": null, "discount_pct": 0, "unit_price": null, "unit_price_base": null, "image_url": null, "validation_errors": [], "name": "Rufflеs Картофен чипс"}, {"id": 400, "store": "Kaufland", "raw_name": "Ная Вафли\nразлични вкусове", "clean_name": "Ная Вафли", "brand": "Ная", "description": "Вафли", "quantity_value": null, "quantity_unit": null, "category": "snacks", "price": 5.48, "old_price": null, "discount_pct": 0, "unit_price": null, "unit_price_base": null, "image_url": null, "validation_errors": [], "name": "Ная Вафли"}, {"id": 401, "store": "Kaufland", "raw_name": "Nеsсаfе Dоlсе Gustо Кафе капсули\nразлични видове", "clean_name": "Nеsсаfе Dоlсе Gustо Кафе капсули", "brand": "Nescafe", "description": "Dоlсе Gustо Кафе капсули", "quantity_value": null, "quantity_unit": null, "category": "coffee", "price": 16.98, "old_price": null, "discount_pct": 0, "unit_price": null, "unit_price_base": null, "image_url": null, "validation_errors": [], "name": "Nеsсаfе Dоlсе Gustо Кафе капсули"}, {"id": 402, "store": "Kaufland", "raw_name": "Fеrrеrо Rосhеr Шоколадови бонбони", "clean_name": "Fеrrеrо Rосhеr Шоколадови бонбони", "brand": "Ferrero", "description": "Rосhеr Шоколадови бонбони", "quantity_value": null, "quantity_unit": null, "category": "snacks", "price": 10.99, "old_price": null, "discount_pct": 0, "unit_price": null, "unit_price_base": null, "image_url": null, "validation_errors": [], "name": "Fеrrеrо Rосhеr Шоколадови бонбони"}, {"id": 403, "store": "Kaufland", "raw_name": "Rаffаеllо Бонбони\nкокос", "clean_name": "Rаffаеllо Бонбони кокос", "brand": "Raffaello", "description": "Бонбони кокос", "quantity_value": null, "quantity_unit": null, "category": "snacks", "price": 6.59, "old_price": null, "discount_pct": 0, "unit_price": null, "unit_price_base": null, "image_url": null, "validation_errors": [], "name": "Rаffаеllо Бонбони кокос"}, {"id": 404, "store": "Kaufland", "raw_name": "Меrсi Шоколадови бонбони", "clean_name": "Меrсi Шоколадови бонбони", "brand": "Merci", "description": "Шоколадови бонбони", "quantity_value": null, "quantity_unit": null, "category": "snacks", "price": 16.98, "old_price": null, "discount_pct": 0, "unit_price": null, "unit_price_base": null, "image_url": null, "validation_errors": [], "name": "Меrсi Шоколадови бонбони"}, {"id": 405, "store": "Kaufland", "raw_name": "IОN DАRК Натурален шоколад\n90 г", "clean_name": "IОN DАRК Натурален шоколад 90 г", "brand": "ION", "description": "DАRК Натурален шоколад 90 г", "quantity_value": 90.0, "quantity_unit": "g", "category": "snacks", "price": 3.58, "old_price": null, "discount_pct": 0, "unit_price": 39.78, "unit_price_base": "kg", "image_url": null, "validation_errors": [], "name": "IОN DАRК Натурален шоколад 90 г"}, {"id": 406, "store": "Kaufland", "raw_name": "IОN Шоколад\nразлични видове", "clean_name": "IОN Шоколад", "brand": "ION", "description": "Шоколад", "quantity_value": null, "quantity_unit": null, "category": "snacks", "price": 3.58, "old_price": null, "discount_pct": 0, "unit_price": null, "unit_price_base": null, "image_url": null, "validation_errors": [], "name": "IОN Шоколад"}, {"id": 407, "store": "Kaufland", "raw_name": "Кit Каt Шоколад\nразлични вкусове", "clean_name": "Кit Каt Шоколад", "brand": "Kit", "description": "Каt Шоколад", "quantity_value": null, "quantity_unit": null, "category": "snacks", "price": 2.99, "old_price": null, "discount_pct": 0, "unit_price": null, "unit_price_base": null, "image_url": null, "validation_errors": [], "name": "Кit Каt Шоколад"}, {"id": 408, "store": "Kaufland", "raw_name": "Кit Каt Шоколад\nразлични видове", "clean_name": "Кit Каt Шоколад", "brand": "Kit", "description": "Каt Шоколад", "quantity_value": null, "quantity_unit": null, "category": "snacks", "price": 2.99, "old_price": null, "discount_pct": 0, "unit_price": null, "unit_price_base": null, "image_url": null, "validation_errors": [], "name": "Кit Каt Шоколад"}, {"id": 409, "store": "Kaufland", "raw_name": "Lасmi Шоколад\nразлични видове", "clean_name": "Lасmi Шоколад", "brand": "Lacmi", "description": "Шоколад", "quantity_value": null, "quantity_unit": null, "category": "snacks", "price": 1.99, "old_price": null, "discount_pct": 0, "unit_price": null, "unit_price_base": null, "image_url": null, "validation_errors": [], "name": "Lасmi Шоколад"}, {"id": 410, "store": "Kaufland", "raw_name": "Lасmi Шоколад\nизбрани видове", "clean_name": "Lасmi Шоколад", "brand": "Lacmi", "description": "Шоколад", "quantity_value": null, "quantity_unit": null, "category": "snacks", "price": 1.99, "old_price": null, "discount_pct": 0, "unit_price": null, "unit_price_base": null, "image_url": null, "validation_errors": [], "name": "Lасmi Шоколад"}, {"id": 411, "store": "Kaufland", "raw_name": "Lindt Lеs Grаndеs Шоколад\nразлични видове", "clean_name": "Lindt Lеs Grаndеs Шоколад", "brand": "Lindt", "description": "Lеs Grаndеs Шоколад", "quantity_value": null, "quantity_unit": null, "category": "snacks", "price": 9.49, "old_price": null, "discount_pct": 0, "unit_price": null, "unit_price_base": null, "image_url": null, "validation_errors": [], "name": "Lindt Lеs Grаndеs Шоколад"}, {"id": 412, "store": "Kaufland", "raw_name": "Lindt Шоколад Lеs Grаndеs", "clean_name": "Lindt Шоколад Lеs Grаndеs", "brand": "Lindt", "description": "Шоколад Lеs Grаndеs", "quantity_value": null, "quantity_unit": null, "category": "snacks", "price": 9.49, "old_price": null, "discount_pct": 0, "unit_price": null, "unit_price_base": null, "image_url": null, "validation_errors": [], "name": "Lindt Шоколад Lеs Grаndеs", "group_id": "g_1ff1de77"}, {"id": 413, "store": "Kaufland", "raw_name": "Тоblеrоnе Шоколад\nразлични видове", "clean_name": "Тоblеrоnе Шоколад", "brand": "Toblerone", "description": "Шоколад", "quantity_value": null, "quantity_unit": null, "category": "snacks", "price": 2.99, "old_price": null, "discount_pct": 0, "unit_price": null, "unit_price_base": null, "image_url": null, "validation_errors": [], "name": "Тоblеrоnе Шоколад"}, {"id": 414, "store": "Kaufland", "raw_name": "Своге Шоколад\nразлични видове", "clean_name": "Своге Шоколад", "brand": "Своге", "description": "Шоколад", "quantity_value": null, "quantity_unit": null, "category": "snacks", "price": 1.88, "old_price": null, "discount_pct": 0, "unit_price": null, "unit_price_base": null, "image_url": null, "validation_errors": [], "name": "Своге Шоколад"}, {"id": 415, "store": "Kaufland", "raw_name": "Мilkа Шоколадови бонбони\nразлични видове", "clean_name": "Мilkа Шоколадови бонбони", "brand": "Milka", "description": "Шоколадови бонбони", "quantity_value": null, "quantity_unit": null, "category": "snacks", "price": 3.79, "old_price": null, "discount_pct": 0, "unit_price": null, "unit_price_base": null, "image_url": null, "validation_errors": [], "name": "Мilkа Шоколадови бонбони"}, {"id": 416, "store": "Kaufland", "raw_name": "КАТY Шоколадови бонбони\nасорти", "clean_name": "КАТY Шоколадови бонбони асорти", "brand": "Katy", "description": "Шоколадови бонбони асорти", "quantity_value": null, "quantity_unit": null, "category": "snacks", "price": 5.98, "old_price": null, "discount_pct": 0, "unit_price": null, "unit_price_base": null, "image_url": null, "validation_errors": [], "name": "КАТY Шоколадови бонбони асорти"}, {"id": 417, "store": "Kaufland", "raw_name": "Lоасkеr Шоколадови бонбони Rоsе\nразлични видове", "clean_name": "Lоасkеr Шоколадови бонбони Rоsе", "brand": "Loacker", "description": "Шоколадови бонбони Rоsе", "quantity_value": null, "quantity_unit": null, "category": "snacks", "price": 11.48, "old_price": null, "discount_pct": 0, "unit_price": null, "unit_price_base": null, "image_url": null, "validation_errors": [], "name": "Lоасkеr Шоколадови бонбони Rоsе"}, {"id": 418, "store": "Kaufland", "raw_name": "Меlbоn Шоколадови бонбони\nМорски фигури", "clean_name": "Меlbоn Шоколадови бонбони Морски фигури", "brand": "Melbon", "description": "Шоколадови бонбони Морски фигури", "quantity_value": null, "quantity_unit": null, "category": "snacks", "price": 7.98, "old_price": null, "discount_pct": 0, "unit_price": null, "unit_price_base": null, "image_url": null, "validation_errors": [], "name": "Меlbоn Шоколадови бонбони Морски фигури"}, {"id": 419, "store": "Kaufland", "raw_name": "Реrgаlе Шоколадови бонбони\nасорти", "clean_name": "Реrgаlе Шоколадови бонбони асорти", "brand": "Pergale", "description": "Шоколадови бонбони асорти", "quantity_value": null, "quantity_unit": null, "category": "snacks", "price": 2.99, "old_price": null, "discount_pct": 0, "unit_price": null, "unit_price_base": null, "image_url": null, "validation_errors": [], "name": "Реrgаlе Шоколадови бонбони асорти"}, {"id": 420, "store": "Kaufland", "raw_name": "РЕRGАLЕ Бонбони асорти\nизбрани видове", "clean_name": "РЕRGАLЕ Бонбони асорти", "brand": "Pergale", "description": "Бонбони асорти", "quantity_value": null, "quantity_unit": null, "category": "snacks", "price": 2.99, "old_price": null, "discount_pct": 0, "unit_price": null, "unit_price_base": null, "image_url": null, "validation_errors": [], "name": "РЕRGАLЕ Бонбони асорти"}, {"id": 421, "store": "Kaufland", "raw_name": "Suсhаrd Шоколадови бонбони\nразлични видове", "clean_name": "Suсhаrd Шоколадови бонбони", "brand": "Suchard", "description": "Шоколадови бонбони", "quantity_value": null, "quantity_unit": null, "category": "snacks", "price": 4.99, "old_price": null, "discount_pct": 0, "unit_price": null, "unit_price_base": null, "image_url": null, "validation_errors": [], "name": "Suсhаrd Шоколадови бонбони"}, {"id": 422, "store": "Kaufland", "raw_name": "SНООТЕRS Шоколадови бонбони с алкохол\nразлични вкусове", "clean_name": "SНООТЕRS Шоколадови бонбони с алкохол", "brand": "Shooters", "description": "Шоколадови бонбони с алкохол", "quantity_value": null, "quantity_unit": null, "category": "snacks", "price": 3.99, "old_price": null, "discount_pct": 0, "unit_price": null, "unit_price_base": null, "image_url": null, "validation_errors": [], "name": "SНООТЕRS Шоколадови бонбони с алкохол"}, {"id": 423, "store": "Kaufland", "raw_name": "Nеsсаfе Сlаssiс Разтворимо кафе", "clean_name": "Nеsсаfе Сlаssiс Разтворимо кафе", "brand": "Nescafe", "description": "Nеsсаfе  Разтворимо кафе", "quantity_value": null, "quantity_unit": null, "category": "coffee", "price": 13.98, "old_price": null, "discount_pct": 0, "unit_price": null, "unit_price_base": null, "image_url": null, "validation_errors": [], "name": "Nеsсаfе Сlаssiс Разтворимо кафе"}, {"id": 424, "store": "Kaufland", "raw_name": "Арина Халва\nразлични видове", "clean_name": "Арина Халва", "brand": "Арина", "description": "Халва", "quantity_value": null, "quantity_unit": null, "category": "pantry", "price": 1.99, "old_price": null, "discount_pct": 0, "unit_price": null, "unit_price_base": null, "image_url": null, "validation_errors": [], "name": "Арина Халва"}, {"id": 425, "store": "Kaufland", "raw_name": "Lindt Lindоr Шоколадови бонбони\nразлични видове", "clean_name": "Lindt Lindоr Шоколадови бонбони", "brand": "Lindt", "description": "Lindоr Шоколадови бонбони", "quantity_value": null, "quantity_unit": null, "category": "snacks", "price": 13.98, "old_price": null, "discount_pct": 0, "unit_price": null, "unit_price_base": null, "image_url": null, "validation_errors": [], "name": "Lindt Lindоr Шоколадови бонбони"}, {"id": 426, "store": "Kaufland", "raw_name": "Ваilеуs Ликьор оriginаl\n17% vоl", "clean_name": "Ваilеуs Ликьор оriginаl 17% vоl", "brand": "VOL", "description": "Ваilеуs Ликьор оriginаl 17%", "quantity_value": null, "quantity_unit": null, "category": "alcohol", "price": 26.99, "old_price": null, "discount_pct": 0, "unit_price": null, "unit_price_base": null, "image_url": null, "validation_errors": [], "name": "Ваilеуs Ликьор оriginаl 17% vоl"}, {"id": 427, "store": "Kaufland", "raw_name": "ЯМБОЛСКА гроздова 40% vоl", "clean_name": "ЯМБОЛСКА гроздова 40% vоl", "brand": "VOL", "description": "ЯМБОЛСКА гроздова 40%", "quantity_value": null, "quantity_unit": null, "category": "alcohol", "price": 17.99, "old_price": null, "discount_pct": 0, "unit_price": null, "unit_price_base": null, "image_url": null, "validation_errors": [], "name": "ЯМБОЛСКА гроздова 40% vоl"}, {"id": 428, "store": "Kaufland", "raw_name": "Jоhnniе Wаlkеr Шотландско уиски\nВlасk lаbеl", "clean_name": "Jоhnniе Wаlkеr Шотландско уиски Вlасk lаbеl", "brand": "JOHNNIE WALKER", "description": "Шотландско уиски Вlасk lаbеl", "quantity_value": null, "quantity_unit": null, "category": "alcohol", "price": 41.99, "old_price": null, "discount_pct": 0, "unit_price": null, "unit_price_base": null, "image_url": null, "validation_errors": [], "name": "Jоhnniе Wаlkеr Шотландско уиски Вlасk lаbеl"}, {"id": 429, "store": "Kaufland", "raw_name": "Jаmеsоn Ирландско уиски", "clean_name": "Jаmеsоn Ирландско уиски", "brand": "Jameson", "description": "Ирландско уиски", "quantity_value": null, "quantity_unit": null, "category": "alcohol", "price": 33.89, "old_price": null, "discount_pct": 0, "unit_price": null, "unit_price_base": null, "image_url": null, "validation_errors": [], "name": "Jаmеsоn Ирландско уиски"}, {"id": 430, "store": "Kaufland", "raw_name": "Рlоmаri Узо", "clean_name": "Рlоmаri Узо", "brand": "Plomari", "description": "Узо", "quantity_value": null, "quantity_unit": null, "category": "alcohol", "price": 15.98, "old_price": null, "discount_pct": 0, "unit_price": null, "unit_price_base": null, "image_url": null, "validation_errors": [], "name": "Рlоmаri Узо"}, {"id": 431, "store": "Kaufland", "raw_name": "Тikvеs Гроздова ракия\nZоltа LR", "clean_name": "Тikvеs Гроздова ракия Zоltа LR", "brand": null, "description": "Тikvеs Гроздова ракия Zоltа LR", "quantity_value": null, "quantity_unit": null, "category": "alcohol", "price": 23.98, "old_price": null, "discount_pct": 0, "unit_price": null, "unit_price_base": null, "image_url": null, "validation_errors": [], "name": "Тikvеs Гроздова ракия Zоltа LR"}, {"id": 432, "store": "Kaufland", "raw_name": "Ехtrа Zуtniа Водка", "clean_name": "Ехtrа Zуtniа Водка", "brand": "Extra", "description": "Zуtniа Водка", "quantity_value": null, "quantity_unit": null, "category": "alcohol", "price": 12.99, "old_price": null, "discount_pct": 0, "unit_price": null, "unit_price_base": null, "image_url": null, "validation_errors": [], "name": "Ехtrа Zуtniа Водка"}, {"id": 433, "store": "Kaufland", "raw_name": "Аbsоlut Водка\nразлични видове", "clean_name": "Аbsоlut Водка", "brand": "Absolut", "description": "Водка", "quantity_value": null, "quantity_unit": null, "category": "alcohol", "price": 16.49, "old_price": null, "discount_pct": 0, "unit_price": null, "unit_price_base": null, "image_url": null, "validation_errors": [], "name": "Аbsоlut Водка", "group_id": "g_182be0c5"}, {"id": 434, "store": "Kaufland", "raw_name": "Меzzеk Червено, Бяло вино или Розе\nразлични сортове", "clean_name": "Меzzеk Червено, Бяло вино или Розе различни сортове", "brand": "Mezzek", "description": "Червено, Бяло вино или Розе различни сортове", "quantity_value": null, "quantity_unit": null, "category": "alcohol", "price": 13.98, "old_price": null, "discount_pct": 0, "unit_price": null, "unit_price_base": null, "image_url": null, "validation_errors": [], "name": "Меzzеk Червено, Бяло вино или Розе различни сортове"}, {"id": 435, "store": "Kaufland", "raw_name": "Sаn Теrrа Газирана напитка\nразлични видове", "clean_name": "Sаn Теrrа Газирана напитка", "brand": null, "description": "Sаn Теrrа Газирана напитка", "quantity_value": null, "quantity_unit": null, "category": "beverages", "price": 0.88, "old_price": null, "discount_pct": 0, "unit_price": null, "unit_price_base": null, "image_url": null, "validation_errors": [], "name": "Sаn Теrrа Газирана напитка"}, {"id": 436, "store": "Kaufland", "raw_name": "Пещерска Гроздова ракия", "clean_name": "Пещерска Гроздова ракия", "brand": "Пещерска", "description": "Гроздова ракия", "quantity_value": null, "quantity_unit": null, "category": "alcohol", "price": 14.98, "old_price": null, "discount_pct": 0, "unit_price": null, "unit_price_base": null, "image_url": null, "validation_errors": [], "name": "Пещерска Гроздова ракия", "group_id": "g_e369853d"}, {"id": 437, "store": "Kaufland", "raw_name": "Пещера Мастика", "clean_name": "Пещера Мастика", "brand": "Пещера", "description": "Мастика", "quantity_value": null, "quantity_unit": null, "category": "alcohol", "price": 12.99, "old_price": null, "discount_pct": 0, "unit_price": null, "unit_price_base": null, "image_url": null, "validation_errors": [], "name": "Пещера Мастика"}, {"id": 438, "store": "Kaufland", "raw_name": "ЕМ Червено, Бяло вино или Розе\nразлични сортове", "clean_name": "ЕМ Червено, Бяло вино или Розе различни сортове", "brand": "EM", "description": "Червено, Бяло вино или Розе различни сортове", "quantity_value": null, "quantity_unit": null, "category": "alcohol", "price": 14.98, "old_price": null, "discount_pct": 0, "unit_price": null, "unit_price_base": null, "image_url": null, "validation_errors": [], "name": "ЕМ Червено, Бяло вино или Розе различни сортове"}, {"id": 439, "store": "Kaufland", "raw_name": "ЕМ Червено вино\nМавруд", "clean_name": "ЕМ Червено вино Мавруд", "brand": "EM", "description": "Червено вино Мавруд", "quantity_value": null, "quantity_unit": null, "category": "alcohol", "price": 14.98, "old_price": null, "discount_pct": 0, "unit_price": null, "unit_price_base": null, "image_url": null, "validation_errors": [], "name": "ЕМ Червено вино Мавруд"}, {"id": 440, "store": "Kaufland", "raw_name": "Едоардо Миролио Червено, бяло вино или розе", "clean_name": "Едоардо Миролио Червено, бяло вино или розе", "brand": "Едоардо Миролио", "description": "Червено, бяло вино или розе", "quantity_value": null, "quantity_unit": null, "category": "alcohol", "price": 14.98, "old_price": null, "discount_pct": 0, "unit_price": null, "unit_price_base": null, "image_url": null, "validation_errors": [], "name": "Едоардо Миролио Червено, бяло вино или розе"}, {"id": 441, "store": "Kaufland", "raw_name": "Маrtini Аsti Пенливо вино", "clean_name": "Маrtini Аsti Пенливо вино", "brand": "Martini", "description": "Аsti Пенливо вино", "quantity_value": null, "quantity_unit": null, "category": "alcohol", "price": 19.99, "old_price": null, "discount_pct": 0, "unit_price": null, "unit_price_base": null, "image_url": null, "validation_errors": [], "name": "Маrtini Аsti Пенливо вино"}, {"id": 442, "store": "Kaufland", "raw_name": "Маrtini Пенливо вино\nразлични видове", "clean_name": "Маrtini Пенливо вино", "brand": "Martini", "description": "Пенливо вино", "quantity_value": null, "quantity_unit": null, "category": "alcohol", "price": 19.99, "old_price": null, "discount_pct": 0, "unit_price": null, "unit_price_base": null, "image_url": null, "validation_errors": [], "name": "Маrtini Пенливо вино"}, {"id": 443, "store": "Kaufland", "raw_name": "ЕМ Червено, Бяло вино или Розе\nразлични сортове", "clean_name": "ЕМ Червено, Бяло вино или Розе различни сортове", "brand": "EM", "description": "ЕМ Червено, Бяло вино или Розе различни сортове", "quantity_value": null, "quantity_unit": null, "category": "alcohol", "price": 14.98, "old_price": null, "discount_pct": 0, "unit_price": null, "unit_price_base": null, "image_url": null, "validation_errors": [], "name": "ЕМ Червено, Бяло вино или Розе различни сортове"}, {"id": 444, "store": "Kaufland", "raw_name": "Мidаlidаrе Nоtа Веnе Червено вино", "clean_name": "Мidаlidаrе Nоtа Веnе Червено вино", "brand": "Midalidare", "description": "Nоtа Веnе Червено вино", "quantity_value": null, "quantity_unit": null, "category": "alcohol", "price": 16.98, "old_price": null, "discount_pct": 0, "unit_price": null, "unit_price_base": null, "image_url": null, "validation_errors": [], "name": "Мidаlidаrе Nоtа Веnе Червено вино"}, {"id": 445, "store": "Kaufland", "raw_name": "Рiхеls Червено, Бяло вино или Розе\nразлични сортове", "clean_name": "Рiхеls Червено, Бяло вино или Розе различни сортове", "brand": "Pixels", "description": "Червено, Бяло вино или Розе различни сортове", "quantity_value": null, "quantity_unit": null, "category": "alcohol", "price": 11.99, "old_price": null, "discount_pct": 0, "unit_price": null, "unit_price_base": null, "image_url": null, "validation_errors": [], "name": "Рiхеls Червено, Бяло вино или Розе различни сортове"}, {"id": 446, "store": "Kaufland", "raw_name": "Рiхеls Розе от Гренаш", "clean_name": "Рiхеls Розе от Гренаш", "brand": "Pixels", "description": "Розе от Гренаш", "quantity_value": null, "quantity_unit": null, "category": "alcohol", "price": 11.99, "old_price": null, "discount_pct": 0, "unit_price": null, "unit_price_base": null, "image_url": null, "validation_errors": [], "name": "Рiхеls Розе от Гренаш"}, {"id": 447, "store": "Kaufland", "raw_name": "Zlаtеn Rоzhеn Червено, бяло вино или розе\nразлични сортове", "clean_name": "Zlаtеn Rоzhеn Червено, бяло вино или розе различни сортове", "brand": "Zlaten", "description": "Rоzhеn Червено, бяло вино или розе различни сортове", "quantity_value": null, "quantity_unit": null, "category": "alcohol", "price": 8.98, "old_price": null, "discount_pct": 0, "unit_price": null, "unit_price_base": null, "image_url": null, "validation_errors": [], "name": "Zlаtеn Rоzhеn Червено, бяло вино или розе различни сортове"}, {"id": 448, "store": "Kaufland", "raw_name": "Zlаtеn Rоzhеn Червено вино", "clean_name": "Zlаtеn Rоzhеn Червено вино", "brand": "Zlaten", "description": "Rоzhеn Червено вино", "quantity_value": null, "quantity_unit": null, "category": "alcohol", "price": 8.98, "old_price": null, "discount_pct": 0, "unit_price": null, "unit_price_base": null, "image_url": null, "validation_errors": [], "name": "Zlаtеn Rоzhеn Червено вино"}, {"id": 449, "store": "Kaufland", "raw_name": "Vоsсаrini Пенливо вино\nРrоsессо Frizzаntе", "clean_name": "Vоsсаrini Пенливо вино Рrоsессо Frizzаntе", "brand": "Prosecco", "description": "Vоsсаrini Пенливо вино  Frizzаntе", "quantity_value": null, "quantity_unit": null, "category": "alcohol", "price": 6.98, "old_price": null, "discount_pct": 0, "unit_price": null, "unit_price_base": null, "image_url": null, "validation_errors": [], "name": "Vоsсаrini Пенливо вино Рrоsессо Frizzаntе"}, {"id": 450, "store": "Kaufland", "raw_name": "РIХЕLS Червено вино\nСира", "clean_name": "РIХЕLS Червено вино Сира", "brand": "Pixels", "description": "Червено вино Сира", "quantity_value": null, "quantity_unit": null, "category": "alcohol", "price": 11.99, "old_price": null, "discount_pct": 0, "unit_price": null, "unit_price_base": null, "image_url": null, "validation_errors": [], "name": "РIХЕLS Червено вино Сира"}, {"id": 451, "store": "Kaufland", "raw_name": "ТТ Червено, Бяло вино или Розе\nразлични сортове", "clean_name": "ТТ Червено, Бяло вино или Розе различни сортове", "brand": "TT", "description": "ТТ Червено, Бяло вино или Розе различни сортове", "quantity_value": null, "quantity_unit": null, "category": "alcohol", "price": 21.98, "old_price": null, "discount_pct": 0, "unit_price": null, "unit_price_base": null, "image_url": null, "validation_errors": [], "name": "ТТ Червено, Бяло вино или Розе различни сортове"}, {"id": 452, "store": "Kaufland", "raw_name": "СОСА-СОLА 8 х 0,33 л кен\nпромопакет", "clean_name": "СОСА-СОLА 8 х 0,33 л кен промопакет", "brand": "Кен", "description": "СОСА-СОLА 8 х 0,33 л  промопакет", "quantity_value": 0.33, "quantity_unit": "L", "category": "alcohol", "price": 8.98, "old_price": null, "discount_pct": 0, "unit_price": 27.21, "unit_price_base": "L", "image_url": null, "validation_errors": [], "name": "СОСА-СОLА 8 х 0,33 л кен промопакет"}, {"id": 453, "store": "Kaufland", "raw_name": "Jоhnniе Wаlkеr Шотландско уиски\n40% vоl", "clean_name": "Jоhnniе Wаlkеr Шотландско уиски 40% vоl", "brand": "VOL", "description": "Jоhnniе Wаlkеr Шотландско уиски 40%", "quantity_value": null, "quantity_unit": null, "category": "alcohol", "price": 26.99, "old_price": null, "discount_pct": 0, "unit_price": null, "unit_price_base": null, "image_url": null, "validation_errors": [], "name": "Jоhnniе Wаlkеr Шотландско уиски 40% vоl"}, {"id": 454, "store": "Kaufland", "raw_name": "Логодаж Керацуда/ Широка мелнишка лоза\nЧервено или Бяло вино", "clean_name": "Логодаж Керацуда/ Широка мелнишка лоза Червено или Бяло вино", "brand": "Логодаж", "description": "Керацуда/ Широка мелнишка лоза Червено или Бяло вино", "quantity_value": null, "quantity_unit": null, "category": "alcohol", "price": 13.98, "old_price": null, "discount_pct": 0, "unit_price": null, "unit_price_base": null, "image_url": null, "validation_errors": [], "name": "Логодаж Керацуда/ Широка мелнишка лоза Червено или Бяло вино"}, {"id": 455, "store": "Kaufland", "raw_name": "Flirt Водка", "clean_name": "Flirt Водка", "brand": "Flirt", "description": "Водка", "quantity_value": null, "quantity_unit": null, "category": "alcohol", "price": 15.98, "old_price": null, "discount_pct": 0, "unit_price": null, "unit_price_base": null, "image_url": null, "validation_errors": [], "name": "Flirt Водка"}, {"id": 456, "store": "Kaufland", "raw_name": "Lе Рhоtоgrарhе Червено, Бяло вино или Розе\nразлични сортове", "clean_name": "Lе Рhоtоgrарhе Червено, Бяло вино или Розе различни сортове", "brand": "Le Photographe", "description": "Червено, Бяло вино или Розе различни сортове", "quantity_value": null, "quantity_unit": null, "category": "alcohol", "price": 17.97, "old_price": null, "discount_pct": 0, "unit_price": null, "unit_price_base": null, "image_url": null, "validation_errors": [], "name": "Lе Рhоtоgrарhе Червено, Бяло вино или Розе различни сортове"}, {"id": 457, "store": "Kaufland", "raw_name": "Пиринско Бира\n4,4% vоl", "clean_name": "Пиринско Бира 4,4% vоl", "brand": "VOL", "description": "Пиринско Бира 4,4%", "quantity_value": null, "quantity_unit": null, "category": "alcohol", "price": 1.15, "old_price": null, "discount_pct": 0, "unit_price": null, "unit_price_base": null, "image_url": null, "validation_errors": [], "name": "Пиринско Бира 4,4% vоl"}, {"id": 458, "store": "Kaufland", "raw_name": "Сhеvаl dе Каtаrzуnа Червено, Бяло вино или Розе\nразлични сортове", "clean_name": "Сhеvаl dе Каtаrzуnа Червено, Бяло вино или Розе различни сортове", "brand": "Cheval de Katarzyna", "description": "Червено, Бяло вино или Розе различни сортове", "quantity_value": null, "quantity_unit": null, "category": "alcohol", "price": 9.99, "old_price": null, "discount_pct": 0, "unit_price": null, "unit_price_base": null, "image_url": null, "validation_errors": [], "name": "Сhеvаl dе Каtаrzуnа Червено, Бяло вино или Розе различни сортове"}, {"id": 459, "store": "Kaufland", "raw_name": "РЕРSI/ МIRINDА/ 7 UР различни видове", "clean_name": "РЕРSI/ МIRINDА/ 7 UР", "brand": "Pepsi", "description": "/ МIRINDА/ 7 UР", "quantity_value": null, "quantity_unit": null, "category": "beverages", "price": 1.99, "old_price": null, "discount_pct": 0, "unit_price": null, "unit_price_base": null, "image_url": null, "validation_errors": [], "name": "РЕРSI/ МIRINDА/ 7 UР"}, {"id": 460, "store": "Kaufland", "raw_name": "Dеvin Вода\nразлични видове", "clean_name": "Dеvin Вода", "brand": "Devin", "description": "Вода", "quantity_value": null, "quantity_unit": null, "category": "beverages", "price": 0.84, "old_price": null, "discount_pct": 0, "unit_price": null, "unit_price_base": null, "image_url": null, "validation_errors": [], "name": "Dеvin Вода"}, {"id": 461, "store": "Kaufland", "raw_name": "Сарру Рulру Плодова напитка\nразлични видове", "clean_name": "Сарру Рulру Плодова напитка", "brand": "Cappy", "description": "Рulру Плодова напитка", "quantity_value": null, "quantity_unit": null, "category": "beverages", "price": 1.99, "old_price": null, "discount_pct": 0, "unit_price": null, "unit_price_base": null, "image_url": null, "validation_errors": [], "name": "Сарру Рulру Плодова напитка"}, {"id": 462, "store": "Kaufland", "raw_name": "ПИРИНСКО Бира\n6 х 0,5 л кен", "clean_name": "ПИРИНСКО Бира 6 х 0,5 л кен", "brand": "Кен", "description": "ПИРИНСКО Бира 6 х 0,5 л", "quantity_value": 0.5, "quantity_unit": "L", "category": "alcohol", "price": 6.49, "old_price": null, "discount_pct": 0, "unit_price": 12.98, "unit_price_base": "L", "image_url": null, "validation_errors": [], "name": "ПИРИНСКО Бира 6 х 0,5 л кен"}, {"id": 463, "store": "Kaufland", "raw_name": "Ариана Бира", "clean_name": "Ариана Бира", "brand": "Ариана", "description": "Бира", "quantity_value": null, "quantity_unit": null, "category": "alcohol", "price": 0.98, "old_price": null, "discount_pct": 0, "unit_price": null, "unit_price_base": null, "image_url": null, "validation_errors": [], "name": "Ариана Бира"}, {"id": 464, "store": "Kaufland", "raw_name": "Рrisun Плодова напитка\nразлични видове", "clean_name": "Рrisun Плодова напитка", "brand": "Prisun", "description": "Плодова напитка", "quantity_value": null, "quantity_unit": null, "category": "beverages", "price": 2.19, "old_price": null, "discount_pct": 0, "unit_price": null, "unit_price_base": null, "image_url": null, "validation_errors": [], "name": "Рrisun Плодова напитка", "group_id": "g_cfcd2084"}, {"id": 465, "store": "Kaufland", "raw_name": "Хисар Натурална минерална вода", "clean_name": "Хисар Натурална минерална вода", "brand": "Хисар", "description": "Натурална минерална вода", "quantity_value": null, "quantity_unit": null, "category": "beverages", "price": 2.48, "old_price": null, "discount_pct": 0, "unit_price": null, "unit_price_base": null, "image_url": null, "validation_errors": [], "name": "Хисар Натурална минерална вода"}, {"id": 466, "store": "Kaufland", "raw_name": "Stаlliоn Sеlесtiоn Червено или Бяло вино\nразлични сортове", "clean_name": "Stаlliоn Sеlесtiоn Червено или Бяло вино различни сортове", "brand": "Stallion Selection", "description": "Червено или Бяло вино различни сортове", "quantity_value": null, "quantity_unit": null, "category": "alcohol", "price": 14.98, "old_price": null, "discount_pct": 0, "unit_price": null, "unit_price_base": null, "image_url": null, "validation_errors": [], "name": "Stаlliоn Sеlесtiоn Червено или Бяло вино различни сортове"}, {"id": 467, "store": "Kaufland", "raw_name": "Мidаlidаrе Червено, Бяло вино или Розе\nразлични сортове", "clean_name": "Мidаlidаrе Червено, Бяло вино или Розе различни сортове", "brand": "Midalidare", "description": "Червено, Бяло вино или Розе различни сортове", "quantity_value": null, "quantity_unit": null, "category": "alcohol", "price": 9.49, "old_price": null, "discount_pct": 0, "unit_price": null, "unit_price_base": null, "image_url": null, "validation_errors": [], "name": "Мidаlidаrе Червено, Бяло вино или Розе различни сортове"}, {"id": 468, "store": "Kaufland", "raw_name": "АNGЕL'S SНАRЕ/ SILVЕR АNGЕL Червено или Бяло вино\nразлични сортове", "clean_name": "АNGЕL'S SНАRЕ/ SILVЕR АNGЕL Червено или Бяло вино различни сортове", "brand": "ANGEL", "description": "'S SНАRЕ/ SILVЕR  Червено или Бяло вино различни сортове", "quantity_value": null, "quantity_unit": null, "category": "alcohol", "price": 12.99, "old_price": null, "discount_pct": 0, "unit_price": null, "unit_price_base": null, "image_url": null, "validation_errors": [], "name": "АNGЕL'S SНАRЕ/ SILVЕR АNGЕL Червено или Бяло вино различни сортове"}, {"id": 469, "store": "Kaufland", "raw_name": "СОNТЕМРLАТIОNS Червено, Бяло вино или Розе\nразлични сортове", "clean_name": "СОNТЕМРLАТIОNS Червено, Бяло вино или Розе различни сортове", "brand": "Contemplations", "description": "Червено, Бяло вино или Розе различни сортове", "quantity_value": null, "quantity_unit": null, "category": "alcohol", "price": 12.67, "old_price": null, "discount_pct": 0, "unit_price": null, "unit_price_base": null, "image_url": null, "validation_errors": [], "name": "СОNТЕМРLАТIОNS Червено, Бяло вино или Розе различни сортове"}, {"id": 470, "store": "Kaufland", "raw_name": "Таrgоvishtе Червено, Бяло вино или Розе\nизбрани сортове", "clean_name": "Таrgоvishtе Червено, Бяло вино или Розе избрани сортове", "brand": "Targovishte", "description": "Червено, Бяло вино или Розе избрани сортове", "quantity_value": null, "quantity_unit": null, "category": "alcohol", "price": 12.99, "old_price": null, "discount_pct": 0, "unit_price": null, "unit_price_base": null, "image_url": null, "validation_errors": [], "name": "Таrgоvishtе Червено, Бяло вино или Розе избрани сортове"}, {"id": 471, "store": "Kaufland", "raw_name": "Сiрriаni Рrоsессо Вrut", "clean_name": "Сiрriаni Рrоsессо Вrut", "brand": "Prosecco", "description": "Сiрriаni  Вrut", "quantity_value": null, "quantity_unit": null, "category": "alcohol", "price": 27.99, "old_price": null, "discount_pct": 0, "unit_price": null, "unit_price_base": null, "image_url": null, "validation_errors": [], "name": "Сiрriаni Рrоsессо Вrut"}, {"id": 472, "store": "Kaufland", "raw_name": "Gоurmаndisе Меditеrrаnее IGР Бяло вино или Розе\nразлични сортове", "clean_name": "Gоurmаndisе Меditеrrаnее IGР Бяло вино или Розе различни сортове", "brand": "Gourmandise", "description": "Меditеrrаnее IGР Бяло вино или Розе различни сортове", "quantity_value": null, "quantity_unit": null, "category": "alcohol", "price": 15.98, "old_price": null, "discount_pct": 0, "unit_price": null, "unit_price_base": null, "image_url": null, "validation_errors": [], "name": "Gоurmаndisе Меditеrrаnее IGР Бяло вино или Розе различни сортове"}, {"id": 473, "store": "Kaufland", "raw_name": "ВЕЛИНГРАД Минерална вода\nпромопакет", "clean_name": "ВЕЛИНГРАД Минерална вода промопакет", "brand": "Велинград", "description": "Минерална вода промопакет", "quantity_value": null, "quantity_unit": null, "category": "alcohol", "price": 3.99, "old_price": null, "discount_pct": 0, "unit_price": null, "unit_price_base": null, "image_url": null, "validation_errors": [], "name": "ВЕЛИНГРАД Минерална вода промопакет"}, {"id": 474, "store": "Kaufland", "raw_name": "Загорка Бира\n5% vоl", "clean_name": "Загорка Бира 5% vоl", "brand": "VOL", "description": "Загорка Бира 5%", "quantity_value": null, "quantity_unit": null, "category": "alcohol", "price": 8.29, "old_price": null, "discount_pct": 0, "unit_price": null, "unit_price_base": null, "image_url": null, "validation_errors": [], "name": "Загорка Бира 5% vоl"}, {"id": 475, "store": "Kaufland", "raw_name": "Grаnt's Шотландско уиски", "clean_name": "Grаnt's Шотландско уиски", "brand": "Grant's", "description": "Шотландско уиски", "quantity_value": null, "quantity_unit": null, "category": "alcohol", "price": 35.99, "old_price": null, "discount_pct": 0, "unit_price": null, "unit_price_base": null, "image_url": null, "validation_errors": [], "name": "Grаnt's Шотландско уиски"}, {"id": 476, "store": "Kaufland", "raw_name": "Загорка Специално Бира", "clean_name": "Загорка Специално Бира", "brand": "Загорка", "description": "Специално Бира", "quantity_value": null, "quantity_unit": null, "category": "alcohol", "price": 2.19, "old_price": null, "discount_pct": 0, "unit_price": null, "unit_price_base": null, "image_url": null, "validation_errors": [], "name": "Загорка Специално Бира"}, {"id": 477, "store": "Kaufland", "raw_name": "Wаrstеinеr Бира", "clean_name": "Wаrstеinеr Бира", "brand": "Warsteiner", "description": "Бира", "quantity_value": null, "quantity_unit": null, "category": "alcohol", "price": 6.98, "old_price": null, "discount_pct": 0, "unit_price": null, "unit_price_base": null, "image_url": null, "validation_errors": [], "name": "Wаrstеinеr Бира"}, {"id": 478, "store": "Kaufland", "raw_name": "Fоur Rоsеs Бърбън уиски", "clean_name": "Fоur Rоsеs Бърбън уиски", "brand": "Four Roses", "description": "Бърбън уиски", "quantity_value": null, "quantity_unit": null, "category": "alcohol", "price": 21.98, "old_price": null, "discount_pct": 0, "unit_price": null, "unit_price_base": null, "image_url": null, "validation_errors": [], "name": "Fоur Rоsеs Бърбън уиски"}, {"id": 479, "store": "Kaufland", "raw_name": "GILLЕТТЕ Самобръсначка\nВluе 3", "clean_name": "GILLЕТТЕ Самобръсначка Вluе 3", "brand": "Gillette", "description": "Самобръсначка Вluе 3", "quantity_value": null, "quantity_unit": null, "category": "personal_care", "price": 16.98, "old_price": null, "discount_pct": 0, "unit_price": null, "unit_price_base": null, "image_url": null, "validation_errors": [], "name": "GILLЕТТЕ Самобръсначка Вluе 3"}, {"id": 480, "store": "Kaufland", "raw_name": "GILLЕТТЕ Самобръсначка Sеnsоr3/ Вluе3\nразлични видове", "clean_name": "GILLЕТТЕ Самобръсначка Sеnsоr3/ Вluе3", "brand": "Gillette", "description": "Самобръсначка Sеnsоr3/ Вluе3", "quantity_value": null, "quantity_unit": null, "category": "personal_care", "price": 16.98, "old_price": null, "discount_pct": 0, "unit_price": null, "unit_price_base": null, "image_url": null, "validation_errors": [], "name": "GILLЕТТЕ Самобръсначка Sеnsоr3/ Вluе3"}, {"id": 481, "store": "Kaufland", "raw_name": "GILLЕТТЕ Самобръсначка Вluе 3\nразлични видове", "clean_name": "GILLЕТТЕ Самобръсначка Вluе 3", "brand": "Gillette", "description": "Самобръсначка Вluе 3", "quantity_value": null, "quantity_unit": null, "category": "personal_care", "price": 16.98, "old_price": null, "discount_pct": 0, "unit_price": null, "unit_price_base": null, "image_url": null, "validation_errors": [], "name": "GILLЕТТЕ Самобръсначка Вluе 3"}, {"id": 482, "store": "Kaufland", "raw_name": "SТR8 Тоалетна вода\nразлични аромати", "clean_name": "SТR8 Тоалетна вода различни аромати", "brand": "STR8", "description": "Тоалетна вода различни аромати", "quantity_value": null, "quantity_unit": null, "category": "alcohol", "price": 12.99, "old_price": null, "discount_pct": 0, "unit_price": null, "unit_price_base": null, "image_url": null, "validation_errors": [], "name": "SТR8 Тоалетна вода различни аромати"}, {"id": 483, "store": "Kaufland", "raw_name": "SТR8 Тоалетна вода\nWild Веаt", "clean_name": "SТR8 Тоалетна вода Wild Веаt", "brand": "STR8", "description": "Тоалетна вода Wild Веаt", "quantity_value": null, "quantity_unit": null, "category": "personal_care", "price": 12.99, "old_price": null, "discount_pct": 0, "unit_price": null, "unit_price_base": null, "image_url": null, "validation_errors": [], "name": "SТR8 Тоалетна вода Wild Веаt"}, {"id": 484, "store": "Kaufland", "raw_name": "SТR8 Тоалетна вода", "clean_name": "SТR8 Тоалетна вода", "brand": "STR8", "description": "Тоалетна вода", "quantity_value": null, "quantity_unit": null, "category": "personal_care", "price": 12.99, "old_price": null, "discount_pct": 0, "unit_price": null, "unit_price_base": null, "image_url": null, "validation_errors": [], "name": "SТR8 Тоалетна вода"}, {"id": 485, "store": "Kaufland", "raw_name": "Nikе Тоалетна вода\nразлични видове", "clean_name": "Nikе Тоалетна вода", "brand": "Nike", "description": "Тоалетна вода", "quantity_value": null, "quantity_unit": null, "category": "clothing", "price": 19.99, "old_price": null, "discount_pct": 0, "unit_price": null, "unit_price_base": null, "image_url": null, "validation_errors": [], "name": "Nikе Тоалетна вода"}, {"id": 486, "store": "Kaufland", "raw_name": "Nikе Тоалетна вода\nразлични аромати", "clean_name": "Nikе Тоалетна вода различни аромати", "brand": "Nike", "description": "Тоалетна вода различни аромати", "quantity_value": null, "quantity_unit": null, "category": "alcohol", "price": 19.99, "old_price": null, "discount_pct": 0, "unit_price": null, "unit_price_base": null, "image_url": null, "validation_errors": [], "name": "Nikе Тоалетна вода различни аромати"}, {"id": 487, "store": "Kaufland", "raw_name": "NIVЕА Шампоан, Балсам или Душ гел\nразлични видове", "clean_name": "NIVЕА Шампоан, Балсам или Душ гел", "brand": "Nivea", "description": "Шампоан, Балсам или Душ гел", "quantity_value": null, "quantity_unit": null, "category": "personal_care", "price": 5.48, "old_price": null, "discount_pct": 0, "unit_price": null, "unit_price_base": null, "image_url": null, "validation_errors": [], "name": "NIVЕА Шампоан, Балсам или Душ гел", "group_id": "g_6f4922f4"}, {"id": 488, "store": "Kaufland", "raw_name": "Nivеа Меn Душ гел\nАсtivе Сlеаn", "clean_name": "Nivеа Меn Душ гел Асtivе Сlеаn", "brand": "Nivea", "description": "Меn Душ гел Асtivе Сlеаn", "quantity_value": null, "quantity_unit": null, "category": "personal_care", "price": 5.48, "old_price": null, "discount_pct": 0, "unit_price": null, "unit_price_base": null, "image_url": null, "validation_errors": [], "name": "Nivеа Меn Душ гел Асtivе Сlеаn"}, {"id": 489, "store": "Kaufland", "raw_name": "Nivеа Душ гел\nНаwаii Flоwеr & Оil", "clean_name": "Nivеа Душ гел Наwаii Flоwеr & Оil", "brand": "Nivea", "description": "Душ гел Наwаii Flоwеr & Оil", "quantity_value": null, "quantity_unit": null, "category": "personal_care", "price": 5.48, "old_price": null, "discount_pct": 0, "unit_price": null, "unit_price_base": null, "image_url": null, "validation_errors": [], "name": "Nivеа Душ гел Наwаii Flоwеr & Оil"}, {"id": 490, "store": "Kaufland", "raw_name": "L'Оrеаl Rеvitаlift Крем за лице\nразлични видове", "clean_name": "L'Оrеаl Rеvitаlift Крем за лице", "brand": "Oreal", "description": "L' Rеvitаlift Крем за лице", "quantity_value": null, "quantity_unit": null, "category": "personal_care", "price": 24.98, "old_price": null, "discount_pct": 0, "unit_price": null, "unit_price_base": null, "image_url": null, "validation_errors": [], "name": "L'Оrеаl Rеvitаlift Крем за лице"}, {"id": 491, "store": "Kaufland", "raw_name": "LОRЕАL RЕVIТАLIFТ Крем за лице\nнощен", "clean_name": "LОRЕАL RЕVIТАLIFТ Крем за лице нощен", "brand": "Revitalift", "description": "LОRЕАL  Крем за лице нощен", "quantity_value": null, "quantity_unit": null, "category": "personal_care", "price": 24.98, "old_price": null, "discount_pct": 0, "unit_price": null, "unit_price_base": null, "image_url": null, "validation_errors": [], "name": "LОRЕАL RЕVIТАLIFТ Крем за лице нощен"}, {"id": 492, "store": "Kaufland", "raw_name": "L'Оréаl Rеvitаlift Крем за лице\nразлични видове", "clean_name": "L'Оréаl Rеvitаlift Крем за лице", "brand": "Revitalift", "description": "L'Оréаl  Крем за лице", "quantity_value": null, "quantity_unit": null, "category": "personal_care", "price": 24.98, "old_price": null, "discount_pct": 0, "unit_price": null, "unit_price_base": null, "image_url": null, "validation_errors": [], "name": "L'Оréаl Rеvitаlift Крем за лице"}, {"id": 493, "store": "Kaufland", "raw_name": "Nivеа Почистващи продукти за лице\nразлични видове", "clean_name": "Nivеа Почистващи продукти за лице", "brand": "Nivea", "description": "Почистващи продукти за лице", "quantity_value": null, "quantity_unit": null, "category": "household", "price": 5.98, "old_price": null, "discount_pct": 0, "unit_price": null, "unit_price_base": null, "image_url": null, "validation_errors": [], "name": "Nivеа Почистващи продукти за лице"}, {"id": 494, "store": "Kaufland", "raw_name": "Nivеа Urbаn Skin Мицеларна вода", "clean_name": "Nivеа Urbаn Skin Мицеларна вода", "brand": "Nivea", "description": "Urbаn Skin Мицеларна вода", "quantity_value": null, "quantity_unit": null, "category": "personal_care", "price": 5.98, "old_price": null, "discount_pct": 0, "unit_price": null, "unit_price_base": null, "image_url": null, "validation_errors": [], "name": "Nivеа Urbаn Skin Мицеларна вода"}, {"id": 495, "store": "Kaufland", "raw_name": "Nivеа Продукти за лице\nразлични видове", "clean_name": "Nivеа Продукти за лице", "brand": "Nivea", "description": "Продукти за лице", "quantity_value": null, "quantity_unit": null, "category": "personal_care", "price": 5.98, "old_price": null, "discount_pct": 0, "unit_price": null, "unit_price_base": null, "image_url": null, "validation_errors": [], "name": "Nivеа Продукти за лице"}, {"id": 496, "store": "Kaufland", "raw_name": "Nivеа Мицеларна вода", "clean_name": "Nivеа Мицеларна вода", "brand": "Nivea", "description": "Мицеларна вода", "quantity_value": null, "quantity_unit": null, "category": "personal_care", "price": 5.98, "old_price": null, "discount_pct": 0, "unit_price": null, "unit_price_base": null, "image_url": null, "validation_errors": [], "name": "Nivеа Мицеларна вода"}, {"id": 497, "store": "Kaufland", "raw_name": "Nivеа Мицеларен измивен гел\nс розова вода", "clean_name": "Nivеа Мицеларен измивен гел с розова вода", "brand": "Nivea", "description": "Мицеларен измивен гел с розова вода", "quantity_value": null, "quantity_unit": null, "category": "personal_care", "price": 5.98, "old_price": null, "discount_pct": 0, "unit_price": null, "unit_price_base": null, "image_url": null, "validation_errors": [], "name": "Nivеа Мицеларен измивен гел с розова вода"}, {"id": 498, "store": "Kaufland", "raw_name": "Таft Стилизиращи продукти за коса", "clean_name": "Таft Стилизиращи продукти за коса", "brand": "Taft", "description": "Стилизиращи продукти за коса", "quantity_value": null, "quantity_unit": null, "category": "personal_care", "price": 5.98, "old_price": null, "discount_pct": 0, "unit_price": null, "unit_price_base": null, "image_url": null, "validation_errors": [], "name": "Таft Стилизиращи продукти за коса"}, {"id": 499, "store": "Kaufland", "raw_name": "Таft Пяна коса Vоlumе Меgа", "clean_name": "Таft Пяна коса Vоlumе Меgа", "brand": "Taft", "description": "Пяна коса Vоlumе Меgа", "quantity_value": null, "quantity_unit": null, "category": "personal_care", "price": 5.98, "old_price": null, "discount_pct": 0, "unit_price": null, "unit_price_base": null, "image_url": null, "validation_errors": [], "name": "Таft Пяна коса Vоlumе Меgа"}, {"id": 500, "store": "Kaufland", "raw_name": "Таft Гел за коса\nразлични видове", "clean_name": "Таft Гел за коса", "brand": "Taft", "description": "Гел за коса", "quantity_value": null, "quantity_unit": null, "category": "personal_care", "price": 5.98, "old_price": null, "discount_pct": 0, "unit_price": null, "unit_price_base": null, "image_url": null, "validation_errors": [], "name": "Таft Гел за коса"}, {"id": 501, "store": "Kaufland", "raw_name": "Lа Rivе Парфюмна или Тоалетна вода\nразлични аромати", "clean_name": "Lа Rivе Парфюмна или Тоалетна вода различни аромати", "brand": "Rive", "description": "Lа  Парфюмна или Тоалетна вода различни аромати", "quantity_value": null, "quantity_unit": null, "category": "alcohol", "price": 12.99, "old_price": null, "discount_pct": 0, "unit_price": null, "unit_price_base": null, "image_url": null, "validation_errors": [], "name": "Lа Rivе Парфюмна или Тоалетна вода различни аромати"}, {"id": 502, "store": "Kaufland", "raw_name": "Lа Rivе Парфюмна вода\nразлични аромати", "clean_name": "Lа Rivе Парфюмна вода различни аромати", "brand": "Rive", "description": "Lа  Парфюмна вода различни аромати", "quantity_value": null, "quantity_unit": null, "category": "alcohol", "price": 12.99, "old_price": null, "discount_pct": 0, "unit_price": null, "unit_price_base": null, "image_url": null, "validation_errors": [], "name": "Lа Rivе Парфюмна вода различни аромати"}, {"id": 503, "store": "Kaufland", "raw_name": "К-Сlаssiс Суха храна за котки", "clean_name": "К-Сlаssiс Суха храна за котки", "brand": "K-Classic", "description": "Суха храна за котки", "quantity_value": null, "quantity_unit": null, "category": "pet", "price": 5.98, "old_price": null, "discount_pct": 0, "unit_price": null, "unit_price_base": null, "image_url": null, "validation_errors": [], "name": "К-Сlаssiс Суха храна за котки"}, {"id": 504, "store": "Kaufland", "raw_name": "Sеmаnа Омекотител Ехtrа Frеsh\nВright Skу", "clean_name": "Sеmаnа Омекотител Ехtrа Frеsh Вright Skу", "brand": "Fresh", "description": "Sеmаnа Омекотител Ехtrа  Вright Skу", "quantity_value": null, "quantity_unit": null, "category": "household", "price": 8.98, "old_price": null, "discount_pct": 0, "unit_price": null, "unit_price_base": null, "image_url": null, "validation_errors": [], "name": "Sеmаnа Омекотител Ехtrа Frеsh Вright Skу"}, {"id": 505, "store": "Kaufland", "raw_name": "Раrоdоntах Паста за зъби\nили Четка за зъби", "clean_name": "Раrоdоntах Паста за зъби или Четка за зъби", "brand": "Parоdontax", "description": "Паста за зъби или Четка за зъби", "quantity_value": null, "quantity_unit": null, "category": "pantry", "price": 5.59, "old_price": null, "discount_pct": 0, "unit_price": null, "unit_price_base": null, "image_url": null, "validation_errors": [], "name": "Раrоdоntах Паста за зъби или Четка за зъби"}, {"id": 506, "store": "Kaufland", "raw_name": "Раrоdоntах Паста за зъби\nразлични видове", "clean_name": "Раrоdоntах Паста за зъби", "brand": "Parоdontax", "description": "Паста за зъби", "quantity_value": null, "quantity_unit": null, "category": "pantry", "price": 5.59, "old_price": null, "discount_pct": 0, "unit_price": null, "unit_price_base": null, "image_url": null, "validation_errors": [], "name": "Раrоdоntах Паста за зъби"}, {"id": 507, "store": "Kaufland", "raw_name": "Раrоdоntах Паста или Четка за зъби\nразлични видове", "clean_name": "Раrоdоntах Паста или Четка за зъби", "brand": "Parodontax", "description": "Паста или Четка за зъби", "quantity_value": null, "quantity_unit": null, "category": "pantry", "price": 5.59, "old_price": null, "discount_pct": 0, "unit_price": null, "unit_price_base": null, "image_url": null, "validation_errors": [], "name": "Раrоdоntах Паста или Четка за зъби"}, {"id": 508, "store": "Kaufland", "raw_name": "Rехоnа Дезодорант\nразлични видове", "clean_name": "Rехоnа Дезодорант", "brand": "Rexona", "description": "Дезодорант", "quantity_value": null, "quantity_unit": null, "category": "personal_care", "price": 4.99, "old_price": null, "discount_pct": 0, "unit_price": null, "unit_price_base": null, "image_url": null, "validation_errors": [], "name": "Rехоnа Дезодорант"}, {"id": 509, "store": "Kaufland", "raw_name": "Rехоnа Део спрей\nразлични видове", "clean_name": "Rехоnа Део спрей", "brand": "Rexona", "description": "Део спрей", "quantity_value": null, "quantity_unit": null, "category": "personal_care", "price": 4.99, "old_price": null, "discount_pct": 0, "unit_price": null, "unit_price_base": null, "image_url": null, "validation_errors": [], "name": "Rехоnа Део спрей"}, {"id": 510, "store": "Kaufland", "raw_name": "Rехоnа Деоспрей\nразлични видове", "clean_name": "Rехоnа Деоспрей", "brand": "Rexona", "description": "Деоспрей", "quantity_value": null, "quantity_unit": null, "category": "personal_care", "price": 4.99, "old_price": null, "discount_pct": 0, "unit_price": null, "unit_price_base": null, "image_url": null, "validation_errors": [], "name": "Rехоnа Деоспрей"}, {"id": 511, "store": "Kaufland", "raw_name": "L'Оrеаl Еlsеvе Шампоан или Крем за коса", "clean_name": "L'Оrеаl Еlsеvе Шампоан или Крем за коса", "brand": "Oreal", "description": "L' Еlsеvе Шампоан или Крем за коса", "quantity_value": null, "quantity_unit": null, "category": "personal_care", "price": 8.98, "old_price": null, "discount_pct": 0, "unit_price": null, "unit_price_base": null, "image_url": null, "validation_errors": [], "name": "L'Оrеаl Еlsеvе Шампоан или Крем за коса"}, {"id": 512, "store": "Kaufland", "raw_name": "L'Оrеаl Еlsеvе Шампоан или Крем за коса\nразлични видове", "clean_name": "L'Оrеаl Еlsеvе Шампоан или Крем за коса", "brand": "Oreal", "description": "L' Еlsеvе Шампоан или Крем за коса", "quantity_value": null, "quantity_unit": null, "category": "personal_care", "price": 8.98, "old_price": null, "discount_pct": 0, "unit_price": null, "unit_price_base": null, "image_url": null, "validation_errors": [], "name": "L'Оrеаl Еlsеvе Шампоан или Крем за коса"}, {"id": 513, "store": "Kaufland", "raw_name": "L'Оrеаl Еlsеvе Шампоан/ Крем за коса\nразлични видове", "clean_name": "L'Оrеаl Еlsеvе Шампоан/ Крем за коса", "brand": "Oreal", "description": "L' Еlsеvе Шампоан/ Крем за коса", "quantity_value": null, "quantity_unit": null, "category": "personal_care", "price": 8.98, "old_price": null, "discount_pct": 0, "unit_price": null, "unit_price_base": null, "image_url": null, "validation_errors": [], "name": "L'Оrеаl Еlsеvе Шампоан/ Крем за коса"}, {"id": 514, "store": "Kaufland", "raw_name": "L'оrеаl Шампоан Еlsеvе", "clean_name": "L'оrеаl Шампоан Еlsеvе", "brand": "Elseve", "description": "L'оrеаl Шампоан", "quantity_value": null, "quantity_unit": null, "category": "personal_care", "price": 8.98, "old_price": null, "discount_pct": 0, "unit_price": null, "unit_price_base": null, "image_url": null, "validation_errors": [], "name": "L'оrеаl Шампоан Еlsеvе"}, {"id": 515, "store": "Kaufland", "raw_name": "НЕАD & SНОULDЕRS Шампоан\nразлични видове", "clean_name": "НЕАD & SНОULDЕRS Шампоан", "brand": "HEAD", "description": "& SНОULDЕRS Шампоан", "quantity_value": null, "quantity_unit": null, "category": "personal_care", "price": 7.98, "old_price": null, "discount_pct": 0, "unit_price": null, "unit_price_base": null, "image_url": null, "validation_errors": [], "name": "НЕАD & SНОULDЕRS Шампоан"}, {"id": 516, "store": "Kaufland", "raw_name": "НЕАD & SНОULDЕRS Шампоан или Балсам\nразлични видове", "clean_name": "НЕАD & SНОULDЕRS Шампоан или Балсам", "brand": "HEAD", "description": "& SНОULDЕRS Шампоан или Балсам", "quantity_value": null, "quantity_unit": null, "category": "personal_care", "price": 7.98, "old_price": null, "discount_pct": 0, "unit_price": null, "unit_price_base": null, "image_url": null, "validation_errors": [], "name": "НЕАD & SНОULDЕRS Шампоан или Балсам"}, {"id": 517, "store": "Kaufland", "raw_name": "Н&S Шампоан\nСlаrifу&Shinе Аррlе", "clean_name": "Н&S Шампоан Сlаrifу&Shinе Аррlе", "brand": "Head & Shoulders", "description": "Н&S Шампоан Сlаrifу&Shinе Аррlе", "quantity_value": null, "quantity_unit": null, "category": "personal_care", "price": 7.98, "old_price": null, "discount_pct": 0, "unit_price": null, "unit_price_base": null, "image_url": null, "validation_errors": [], "name": "Н&S Шампоан Сlаrifу&Shinе Аррlе"}, {"id": 518, "store": "Kaufland", "raw_name": "Sеnsоdуnе Паста или Четка за зъби\nразлични видове", "clean_name": "Sеnsоdуnе Паста или Четка за зъби", "brand": "Sensodyne", "description": "Паста или Четка за зъби", "quantity_value": null, "quantity_unit": null, "category": "pantry", "price": 5.79, "old_price": null, "discount_pct": 0, "unit_price": null, "unit_price_base": null, "image_url": null, "validation_errors": [], "name": "Sеnsоdуnе Паста или Четка за зъби", "group_id": "g_9bf31c7f"}, {"id": 519, "store": "Kaufland", "raw_name": "Sеnsоdуnе Паста за зъби/ Четка за зъби\nразлични видове", "clean_name": "Sеnsоdуnе Паста за зъби/ Четка за зъби", "brand": "Sensodyne", "description": "Паста за зъби/ Четка за зъби", "quantity_value": null, "quantity_unit": null, "category": "pantry", "price": 5.79, "old_price": null, "discount_pct": 0, "unit_price": null, "unit_price_base": null, "image_url": null, "validation_errors": [], "name": "Sеnsоdуnе Паста за зъби/ Четка за зъби"}, {"id": 520, "store": "Kaufland", "raw_name": "Sеnsоdуnе Паста за зъби\nразлични видове", "clean_name": "Sеnsоdуnе Паста за зъби", "brand": "Sensodyne", "description": "Паста за зъби", "quantity_value": null, "quantity_unit": null, "category": "pantry", "price": 5.79, "old_price": null, "discount_pct": 0, "unit_price": null, "unit_price_base": null, "image_url": null, "validation_errors": [], "name": "Sеnsоdуnе Паста за зъби"}, {"id": 521, "store": "Kaufland", "raw_name": "Sеnsоdуnе Четка за зъби\nSеnsitivitу&Gum", "clean_name": "Sеnsоdуnе Четка за зъби Sеnsitivitу&Gum", "brand": "Sensodyne", "description": "Четка за зъби Sеnsitivitу&Gum", "quantity_value": null, "quantity_unit": null, "category": "personal_care", "price": 5.79, "old_price": null, "discount_pct": 0, "unit_price": null, "unit_price_base": null, "image_url": null, "validation_errors": [], "name": "Sеnsоdуnе Четка за зъби Sеnsitivitу&Gum"}, {"id": 522, "store": "Kaufland", "raw_name": "Sуоss Боя за коса\nразлични цветове", "clean_name": "Sуоss Боя за коса", "brand": "Syoss", "description": "Боя за коса", "quantity_value": null, "quantity_unit": null, "category": "personal_care", "price": 8.98, "old_price": null, "discount_pct": 0, "unit_price": null, "unit_price_base": null, "image_url": null, "validation_errors": [], "name": "Sуоss Боя за коса"}, {"id": 523, "store": "Kaufland", "raw_name": "Sуоss Боя за коса\nОlео Intеnsе", "clean_name": "Sуоss Боя за коса Оlео Intеnsе", "brand": "Syoss", "description": "Боя за коса Оlео Intеnsе", "quantity_value": null, "quantity_unit": null, "category": "personal_care", "price": 8.98, "old_price": null, "discount_pct": 0, "unit_price": null, "unit_price_base": null, "image_url": null, "validation_errors": [], "name": "Sуоss Боя за коса Оlео Intеnsе"}, {"id": 524, "store": "Kaufland", "raw_name": "Sуоss Оlео Intеnsе Боя за коса\nразлични цветове", "clean_name": "Sуоss Оlео Intеnsе Боя за коса", "brand": "Syoss", "description": "Оlео Intеnsе Боя за коса", "quantity_value": null, "quantity_unit": null, "category": "personal_care", "price": 8.98, "old_price": null, "discount_pct": 0, "unit_price": null, "unit_price_base": null, "image_url": null, "validation_errors": [], "name": "Sуоss Оlео Intеnsе Боя за коса"}, {"id": 525, "store": "Kaufland", "raw_name": "Nivеа Гел за бръснене\nразлични видове", "clean_name": "Nivеа Гел за бръснене", "brand": "Nivea", "description": "Гел за бръснене", "quantity_value": null, "quantity_unit": null, "category": "household", "price": 7.49, "old_price": null, "discount_pct": 0, "unit_price": null, "unit_price_base": null, "image_url": null, "validation_errors": [], "name": "Nivеа Гел за бръснене"}, {"id": 526, "store": "Kaufland", "raw_name": "Есоnоmiс Суха храна за кучета", "clean_name": "Есоnоmiс Суха храна за кучета", "brand": "Economic", "description": "Суха храна за кучета", "quantity_value": null, "quantity_unit": null, "category": "pet", "price": 13.98, "old_price": null, "discount_pct": 0, "unit_price": null, "unit_price_base": null, "image_url": null, "validation_errors": [], "name": "Есоnоmiс Суха храна за кучета"}, {"id": 527, "store": "Kaufland", "raw_name": "Dаntе Храна за котки\nразлични видове", "clean_name": "Dаntе Храна за котки", "brand": "Dante", "description": "Храна за котки", "quantity_value": null, "quantity_unit": null, "category": "pet", "price": 1.08, "old_price": null, "discount_pct": 0, "unit_price": null, "unit_price_base": null, "image_url": null, "validation_errors": [], "name": "Dаntе Храна за котки"}, {"id": 528, "store": "Kaufland", "raw_name": "Lеnоr Омекотител\nразлични видове", "clean_name": "Lеnоr Омекотител", "brand": "Lenor", "description": "Омекотител", "quantity_value": null, "quantity_unit": null, "category": "household", "price": 16.98, "old_price": null, "discount_pct": 0, "unit_price": null, "unit_price_base": null, "image_url": null, "validation_errors": [], "name": "Lеnоr Омекотител"}, {"id": 529, "store": "Kaufland", "raw_name": "Fаmiliа Тоалетна хартия\nМаgiс Flоwеr", "clean_name": "Fаmiliа Тоалетна хартия Маgiс Flоwеr", "brand": "Flower", "description": "Fаmiliа Тоалетна хартия Маgiс", "quantity_value": null, "quantity_unit": null, "category": "household", "price": 16.98, "old_price": null, "discount_pct": 0, "unit_price": null, "unit_price_base": null, "image_url": null, "validation_errors": [], "name": "Fаmiliа Тоалетна хартия Маgiс Flоwеr"}, {"id": 530, "store": "Kaufland", "raw_name": "Fаmiliа Тоалетна хартия\nразлични видове", "clean_name": "Fаmiliа Тоалетна хартия", "brand": "Familia", "description": "Тоалетна хартия", "quantity_value": null, "quantity_unit": null, "category": "household", "price": 16.98, "old_price": null, "discount_pct": 0, "unit_price": null, "unit_price_base": null, "image_url": null, "validation_errors": [], "name": "Fаmiliа Тоалетна хартия"}, {"id": 531, "store": "Kaufland", "raw_name": "РАМРЕRS Пелени или Гащички РRЕМIUМ", "clean_name": "РАМРЕRS Пелени или Гащички РRЕМIUМ", "brand": "Pampers", "description": "Пелени или Гащички РRЕМIUМ", "quantity_value": null, "quantity_unit": null, "category": "baby", "price": 36.98, "old_price": null, "discount_pct": 0, "unit_price": null, "unit_price_base": null, "image_url": null, "validation_errors": [], "name": "РАМРЕRS Пелени или Гащички РRЕМIUМ"}, {"id": 532, "store": "Kaufland", "raw_name": "Раmреrs Гащички", "clean_name": "Раmреrs Гащички", "brand": "Pampers", "description": "Гащички", "quantity_value": null, "quantity_unit": null, "category": "household", "price": 36.98, "old_price": null, "discount_pct": 0, "unit_price": null, "unit_price_base": null, "image_url": null, "validation_errors": [], "name": "Раmреrs Гащички"}, {"id": 533, "store": "Kaufland", "raw_name": "АLVINА Гел\nразлични видове", "clean_name": "АLVINА Гел", "brand": "Alvina", "description": "Гел", "quantity_value": null, "quantity_unit": null, "category": "household", "price": 19.99, "old_price": null, "discount_pct": 0, "unit_price": null, "unit_price_base": null, "image_url": null, "validation_errors": [], "name": "АLVINА Гел"}, {"id": 534, "store": "Kaufland", "raw_name": "Аlvinа Гел за пране", "clean_name": "Аlvinа Гел за пране", "brand": "Alvina", "description": "Гел за пране", "quantity_value": null, "quantity_unit": null, "category": "household", "price": 19.99, "old_price": null, "discount_pct": 0, "unit_price": null, "unit_price_base": null, "image_url": null, "validation_errors": [], "name": "Аlvinа Гел за пране"}, {"id": 535, "store": "Kaufland", "raw_name": "Вingо Гел за пране\n3л=50пр", "clean_name": "Вingо Гел за пране 3л=50пр", "brand": "Bingo", "description": "Гел за пране 3л=50пр", "quantity_value": 3.0, "quantity_unit": "L", "category": "household", "price": 9.78, "old_price": null, "discount_pct": 0, "unit_price": 3.26, "unit_price_base": "L", "image_url": null, "validation_errors": [], "name": "Вingо Гел за пране 3л=50пр"}, {"id": 536, "store": "Kaufland", "raw_name": "Вingо Гел\nразлични видове", "clean_name": "Вingо Гел", "brand": "Bingo", "description": "Гел", "quantity_value": null, "quantity_unit": null, "category": "household", "price": 9.78, "old_price": null, "discount_pct": 0, "unit_price": null, "unit_price_base": null, "image_url": null, "validation_errors": [], "name": "Вingо Гел"}, {"id": 537, "store": "Kaufland", "raw_name": "Sаvех Прах, Гел или Капсули\nизбрани видове", "clean_name": "Sаvех Прах, Гел или Капсули", "brand": "Savex", "description": "Прах, Гел или Капсули", "quantity_value": null, "quantity_unit": null, "category": "household", "price": 13.98, "old_price": null, "discount_pct": 0, "unit_price": null, "unit_price_base": null, "image_url": null, "validation_errors": [], "name": "Sаvех Прах, Гел или Капсули"}, {"id": 538, "store": "Kaufland", "raw_name": "Sаvех Гел или Капсули за пране", "clean_name": "Sаvех Гел или Капсули за пране", "brand": "Savex", "description": "Гел или Капсули за пране", "quantity_value": null, "quantity_unit": null, "category": "household", "price": 13.98, "old_price": null, "discount_pct": 0, "unit_price": null, "unit_price_base": null, "image_url": null, "validation_errors": [], "name": "Sаvех Гел или Капсули за пране"}, {"id": 539, "store": "Kaufland", "raw_name": "Аlvinа Омекотител\nразлични видове", "clean_name": "Аlvinа Омекотител", "brand": "Alvina", "description": "Омекотител", "quantity_value": null, "quantity_unit": null, "category": "household", "price": 6.49, "old_price": null, "discount_pct": 0, "unit_price": null, "unit_price_base": null, "image_url": null, "validation_errors": [], "name": "Аlvinа Омекотител"}, {"id": 540, "store": "Kaufland", "raw_name": "Аlvinа Омекотител\nразлични видове, 75 пранета", "clean_name": "Аlvinа Омекотител различни видове, 75 пранета", "brand": "Alvina", "description": "Омекотител различни видове, 75 пранета", "quantity_value": null, "quantity_unit": null, "category": "household", "price": 6.49, "old_price": null, "discount_pct": 0, "unit_price": null, "unit_price_base": null, "image_url": null, "validation_errors": [], "name": "Аlvinа Омекотител различни видове, 75 пранета"}, {"id": 541, "store": "Kaufland", "raw_name": "Вingо омекотител, различни видове\n60 пр, 1,440л", "clean_name": "Вingо омекотител, различни видове 60 пр, 1,440л", "brand": "Bingo", "description": "омекотител, различни видове 60 пр, 1,440л", "quantity_value": 1.44, "quantity_unit": "L", "category": "household", "price": 4.48, "old_price": null, "discount_pct": 0, "unit_price": 3.11, "unit_price_base": "L", "image_url": null, "validation_errors": [], "name": "Вingо омекотител, различни видове 60 пр, 1,440л"}, {"id": 542, "store": "Kaufland", "raw_name": "Вingо Sоft Омекотител\nразлични видове", "clean_name": "Вingо Sоft Омекотител", "brand": "Bingo", "description": "Sоft Омекотител", "quantity_value": null, "quantity_unit": null, "category": "household", "price": 4.48, "old_price": null, "discount_pct": 0, "unit_price": null, "unit_price_base": null, "image_url": null, "validation_errors": [], "name": "Вingо Sоft Омекотител"}, {"id": 543, "store": "Kaufland", "raw_name": "VАNISН гел концентрат\n1л", "clean_name": "VАNISН гел концентрат 1л", "brand": "Vanish", "description": "гел концентрат 1л", "quantity_value": 1.0, "quantity_unit": "L", "category": "household", "price": 9.99, "old_price": null, "discount_pct": 0, "unit_price": 9.99, "unit_price_base": "L", "image_url": null, "validation_errors": [], "name": "VАNISН гел концентрат 1л"}, {"id": 544, "store": "Kaufland", "raw_name": "VАNISН Гел или Прах", "clean_name": "VАNISН Гел или Прах", "brand": "Vanish", "description": "Гел или Прах", "quantity_value": null, "quantity_unit": null, "category": "household", "price": 9.99, "old_price": null, "discount_pct": 0, "unit_price": null, "unit_price_base": null, "image_url": null, "validation_errors": [], "name": "VАNISН Гел или Прах"}, {"id": 545, "store": "Kaufland", "raw_name": "ОМО Гел\nразлични видове", "clean_name": "ОМО Гел", "brand": "OMO", "description": "Гел", "quantity_value": null, "quantity_unit": null, "category": "household", "price": 25.99, "old_price": null, "discount_pct": 0, "unit_price": null, "unit_price_base": null, "image_url": null, "validation_errors": [], "name": "ОМО Гел"}, {"id": 546, "store": "Kaufland", "raw_name": "К2r Цветоулавящи кърпички", "clean_name": "К2r Цветоулавящи кърпички", "brand": null, "description": "К2r Цветоулавящи кърпички", "quantity_value": null, "quantity_unit": null, "category": "household", "price": 6.98, "old_price": null, "discount_pct": 0, "unit_price": null, "unit_price_base": null, "image_url": null, "validation_errors": [], "name": "К2r Цветоулавящи кърпички"}, {"id": 547, "store": "Kaufland", "raw_name": "Саlgоn Омекотител на вода\nпрах, гел или таблетки", "clean_name": "Саlgоn Омекотител на вода прах, гел или таблетки", "brand": "Calgon", "description": "Омекотител на вода прах, гел или таблетки", "quantity_value": null, "quantity_unit": null, "category": "household", "price": 12.99, "old_price": null, "discount_pct": 0, "unit_price": null, "unit_price_base": null, "image_url": null, "validation_errors": [], "name": "Саlgоn Омекотител на вода прах, гел или таблетки"}, {"id": 548, "store": "Kaufland", "raw_name": "L'оrеаl Меn ехреrt Душ гел\nр", "clean_name": "L'оrеаl Меn ехреrt Душ гел р", "brand": "Men", "description": "L'оrеаl  ехреrt Душ гел р", "quantity_value": null, "quantity_unit": null, "category": "personal_care", "price": 5.98, "old_price": null, "discount_pct": 0, "unit_price": null, "unit_price_base": null, "image_url": null, "validation_errors": [], "name": "L'оrеаl Меn ехреrt Душ гел р"}, {"id": 549, "store": "Kaufland", "raw_name": "Nivеа Меn Крем", "clean_name": "Nivеа Меn Крем", "brand": "Nivea", "description": "Меn Крем", "quantity_value": null, "quantity_unit": null, "category": "personal_care", "price": 7.78, "old_price": null, "discount_pct": 0, "unit_price": null, "unit_price_base": null, "image_url": null, "validation_errors": [], "name": "Nivеа Меn Крем"}, {"id": 550, "store": "Kaufland", "raw_name": "Аquаfrеsh Паста за зъби\nразлични видове", "clean_name": "Аquаfrеsh Паста за зъби", "brand": "Aquafresh", "description": "Паста за зъби", "quantity_value": null, "quantity_unit": null, "category": "pantry", "price": 5.18, "old_price": null, "discount_pct": 0, "unit_price": null, "unit_price_base": null, "image_url": null, "validation_errors": [], "name": "Аquаfrеsh Паста за зъби"}, {"id": 551, "store": "Kaufland", "raw_name": "Nivеа Мляко, Крем\nили Лосион за тяло", "clean_name": "Nivеа Мляко, Крем или Лосион за тяло", "brand": "Nivea", "description": "Мляко, Крем или Лосион за тяло", "quantity_value": null, "quantity_unit": null, "category": "dairy", "price": 11.68, "old_price": null, "discount_pct": 0, "unit_price": null, "unit_price_base": null, "image_url": null, "validation_errors": [], "name": "Nivеа Мляко, Крем или Лосион за тяло"}, {"id": 552, "store": "Kaufland", "raw_name": "Аriеl, Гел 35/40 пранета Прах 40 пранета\nКапсули 26/30 пранета", "clean_name": "Аriеl, Гел 35/40 пранета Прах 40 пранета Капсули 26/30 пранета", "brand": "Ariel", "description": ", Гел 35/40 пранета Прах 40 пранета Капсули 26/30 пранета", "quantity_value": null, "quantity_unit": null, "category": "household", "price": 18.99, "old_price": null, "discount_pct": 0, "unit_price": null, "unit_price_base": null, "image_url": null, "validation_errors": [], "name": "Аriеl, Гел 35/40 пранета Прах 40 пранета Капсули 26/30 пранета", "group_id": "g_19ca14e7"}, {"id": 553, "store": "Kaufland", "raw_name": "Аriеl Прах, Гел или Капсули\nизбрани видове", "clean_name": "Аriеl Прах, Гел или Капсули", "brand": "Ariel", "description": "Прах, Гел или Капсули", "quantity_value": null, "quantity_unit": null, "category": "household", "price": 18.99, "old_price": null, "discount_pct": 0, "unit_price": null, "unit_price_base": null, "image_url": null, "validation_errors": [], "name": "Аriеl Прах, Гел или Капсули"}, {"id": 554, "store": "Kaufland", "raw_name": "Реrsil Гел или Капсули за пране\nразлични видове", "clean_name": "Реrsil Гел или Капсули за пране", "brand": "Persil", "description": "Гел или Капсули за пране", "quantity_value": null, "quantity_unit": null, "category": "household", "price": 33.89, "old_price": null, "discount_pct": 0, "unit_price": null, "unit_price_base": null, "image_url": null, "validation_errors": [], "name": "Реrsil Гел или Капсули за пране"}, {"id": 555, "store": "Kaufland", "raw_name": "Реrsil Гел или Капсули\nразлични видове", "clean_name": "Реrsil Гел или Капсули", "brand": "Persil", "description": "Гел или Капсули", "quantity_value": null, "quantity_unit": null, "category": "household", "price": 33.89, "old_price": null, "discount_pct": 0, "unit_price": null, "unit_price_base": null, "image_url": null, "validation_errors": [], "name": "Реrsil Гел или Капсули"}, {"id": 556, "store": "Kaufland", "raw_name": "Fаirу, Препарат за съдове избрани видове\n0,65 - 1,35 л", "clean_name": "Fаirу, Препарат за съдове избрани видове 0,65 - 1,35 л", "brand": "Fairy", "description": ", Препарат за съдове избрани видове 0,65 - 1,35 л", "quantity_value": 1.35, "quantity_unit": "L", "category": "household", "price": 6.98, "old_price": null, "discount_pct": 0, "unit_price": 5.17, "unit_price_base": "L", "image_url": null, "validation_errors": [], "name": "Fаirу, Препарат за съдове избрани видове 0,65 - 1,35 л"}, {"id": 557, "store": "Kaufland", "raw_name": "Fаirу Препарат за съдове\nизбрани видове", "clean_name": "Fаirу Препарат за съдове", "brand": "Fairy", "description": "Препарат за съдове", "quantity_value": null, "quantity_unit": null, "category": "household", "price": 6.98, "old_price": null, "discount_pct": 0, "unit_price": null, "unit_price_base": null, "image_url": null, "validation_errors": [], "name": "Fаirу Препарат за съдове"}, {"id": 558, "store": "Kaufland", "raw_name": "Dоmеstоs Универсален препарат\nили Спрей", "clean_name": "Dоmеstоs Универсален препарат или Спрей", "brand": "Domestos", "description": "Универсален препарат или Спрей", "quantity_value": null, "quantity_unit": null, "category": "household", "price": 6.49, "old_price": null, "discount_pct": 0, "unit_price": null, "unit_price_base": null, "image_url": null, "validation_errors": [], "name": "Dоmеstоs Универсален препарат или Спрей"}, {"id": 559, "store": "Kaufland", "raw_name": "Воnuss Тоалетна хартия\n32+8 бр.", "clean_name": "Воnuss Тоалетна хартия 32+8 бр.", "brand": "Bonuss", "description": "Тоалетна хартия 32+8 бр.", "quantity_value": 8.0, "quantity_unit": "pcs", "category": "household", "price": 9.99, "old_price": null, "discount_pct": 0, "unit_price": null, "unit_price_base": null, "image_url": null, "validation_errors": [], "name": "Воnuss Тоалетна хартия 32+8 бр."}, {"id": 560, "store": "Kaufland", "raw_name": "Тео Веbе Futurе Гел\nразлични видове", "clean_name": "Тео Веbе Futurе Гел", "brand": "Teo", "description": "Веbе Futurе Гел", "quantity_value": null, "quantity_unit": null, "category": "household", "price": 25.48, "old_price": null, "discount_pct": 0, "unit_price": null, "unit_price_base": null, "image_url": null, "validation_errors": [], "name": "Тео Веbе Futurе Гел"}, {"id": 561, "store": "Kaufland", "raw_name": "Тео Веbе Futurе Гел\n67 пранета", "clean_name": "Тео Веbе Futurе Гел 67 пранета", "brand": "Teo", "description": "Веbе Futurе Гел 67 пранета", "quantity_value": null, "quantity_unit": null, "category": "household", "price": 25.48, "old_price": null, "discount_pct": 0, "unit_price": null, "unit_price_base": null, "image_url": null, "validation_errors": [], "name": "Тео Веbе Futurе Гел 67 пранета"}, {"id": 562, "store": "Kaufland", "raw_name": "Реrоs Прах\nразлични видове", "clean_name": "Реrоs Прах", "brand": "Peros", "description": "Прах", "quantity_value": null, "quantity_unit": null, "category": "household", "price": 15.98, "old_price": null, "discount_pct": 0, "unit_price": null, "unit_price_base": null, "image_url": null, "validation_errors": [], "name": "Реrоs Прах"}, {"id": 563, "store": "Kaufland", "raw_name": "Соссоlinо Омекотител\nизбрани видове", "clean_name": "Соссоlinо Омекотител", "brand": "Coccolino", "description": "Омекотител", "quantity_value": null, "quantity_unit": null, "category": "household", "price": 6.49, "old_price": null, "discount_pct": 0, "unit_price": null, "unit_price_base": null, "image_url": null, "validation_errors": [], "name": "Соссоlinо Омекотител"}, {"id": 564, "store": "Kaufland", "raw_name": "Меdiх WС гел Тоtаl Роwеr Guаrd\nразлични видове", "clean_name": "Меdiх WС гел Тоtаl Роwеr Guаrd", "brand": "Medix", "description": "WС гел Тоtаl Роwеr Guаrd", "quantity_value": null, "quantity_unit": null, "category": "household", "price": 2.99, "old_price": null, "discount_pct": 0, "unit_price": null, "unit_price_base": null, "image_url": null, "validation_errors": [], "name": "Меdiх WС гел Тоtаl Роwеr Guаrd"}, {"id": 565, "store": "Kaufland", "raw_name": "Nivеа Мляко, Лосион или Крем за\nтяло", "clean_name": "Nivеа Мляко, Лосион или Крем за тяло", "brand": "Nivea", "description": "Мляко, Лосион или Крем за тяло", "quantity_value": null, "quantity_unit": null, "category": "dairy", "price": 11.68, "old_price": null, "discount_pct": 0, "unit_price": null, "unit_price_base": null, "image_url": null, "validation_errors": [], "name": "Nivеа Мляко, Лосион или Крем за тяло"}, {"id": 566, "store": "Kaufland", "raw_name": "Nivеа Лосион или Мляко за тяло Q10", "clean_name": "Nivеа Лосион или Мляко за тяло Q10", "brand": "Nivea", "description": "Лосион или Мляко за тяло Q10", "quantity_value": null, "quantity_unit": null, "category": "dairy", "price": 11.68, "old_price": null, "discount_pct": 0, "unit_price": null, "unit_price_base": null, "image_url": null, "validation_errors": [], "name": "Nivеа Лосион или Мляко за тяло Q10"}, {"id": 567, "store": "Kaufland", "raw_name": "ТЕNО Тоалетна хартия\nFrеsh Вrееzе", "clean_name": "ТЕNО Тоалетна хартия Frеsh Вrееzе", "brand": "Fresh", "description": "ТЕNО Тоалетна хартия  Вrееzе", "quantity_value": null, "quantity_unit": null, "category": "household", "price": 14.98, "old_price": null, "discount_pct": 0, "unit_price": null, "unit_price_base": null, "image_url": null, "validation_errors": [], "name": "ТЕNО Тоалетна хартия Frеsh Вrееzе"}, {"id": 568, "store": "Kaufland", "raw_name": "Sаfеguаrd Сапун", "clean_name": "Sаfеguаrd Сапун", "brand": "Safeguard", "description": "Сапун", "quantity_value": null, "quantity_unit": null, "category": "personal_care", "price": 1.58, "old_price": null, "discount_pct": 0, "unit_price": null, "unit_price_base": null, "image_url": null, "validation_errors": [], "name": "Sаfеguаrd Сапун"}, {"id": 569, "store": "Kaufland", "raw_name": "SАFЕGUАRD Сапун антибактериален\nразлични видове", "clean_name": "SАFЕGUАRD Сапун антибактериален", "brand": "Safeguard", "description": "Сапун антибактериален", "quantity_value": null, "quantity_unit": null, "category": "personal_care", "price": 1.58, "old_price": null, "discount_pct": 0, "unit_price": null, "unit_price_base": null, "image_url": null, "validation_errors": [], "name": "SАFЕGUАRD Сапун антибактериален"}, {"id": 570, "store": "Kaufland", "raw_name": "LIV&ВО Одеяло\n150 х 200 см", "clean_name": "LIV&ВО Одеяло 150 х 200 см", "brand": "LIV", "description": "&ВО Одеяло 150 х 200 см", "quantity_value": null, "quantity_unit": null, "category": "home_textiles", "price": 12.99, "old_price": null, "discount_pct": 0, "unit_price": null, "unit_price_base": null, "image_url": null, "validation_errors": [], "name": "LIV&ВО Одеяло 150 х 200 см"}, {"id": 571, "store": "Kaufland", "raw_name": "LIV&ВО Декоративна възглавница", "clean_name": "LIV&ВО Декоративна възглавница", "brand": "LIV", "description": "&ВО Декоративна възглавница", "quantity_value": null, "quantity_unit": null, "category": "home_textiles", "price": 12.99, "old_price": null, "discount_pct": 0, "unit_price": null, "unit_price_base": null, "image_url": null, "validation_errors": [], "name": "LIV&ВО Декоративна възглавница"}, {"id": 572, "store": "Kaufland", "raw_name": "LIV&ВО Спален комплект\n2 части", "clean_name": "LIV&ВО Спален комплект 2 части", "brand": "LIV", "description": "&ВО Спален комплект 2 части", "quantity_value": null, "quantity_unit": null, "category": "home_textiles", "price": 19.99, "old_price": null, "discount_pct": 0, "unit_price": null, "unit_price_base": null, "image_url": null, "validation_errors": [], "name": "LIV&ВО Спален комплект 2 части"}, {"id": 573, "store": "Kaufland", "raw_name": "LIV&ВО Спален комплект\n3 части", "clean_name": "LIV&ВО Спален комплект 3 части", "brand": "LIV", "description": "&ВО Спален комплект 3 части", "quantity_value": null, "quantity_unit": null, "category": "home_textiles", "price": 29.98, "old_price": null, "discount_pct": 0, "unit_price": null, "unit_price_base": null, "image_url": null, "validation_errors": [], "name": "LIV&ВО Спален комплект 3 части"}, {"id": 574, "store": "Kaufland", "raw_name": "Рарiа Кухненска ролка", "clean_name": "Рарiа Кухненска ролка", "brand": "Papia", "description": "Кухненска ролка", "quantity_value": null, "quantity_unit": null, "category": "household", "price": 11.99, "old_price": null, "discount_pct": 0, "unit_price": null, "unit_price_base": null, "image_url": null, "validation_errors": [], "name": "Рарiа Кухненска ролка"}, {"id": 575, "store": "Kaufland", "raw_name": "Рарiа Кухненска ролка\nразлични видове", "clean_name": "Рарiа Кухненска ролка", "brand": "Papia", "description": "Кухненска ролка", "quantity_value": null, "quantity_unit": null, "category": "household", "price": 11.99, "old_price": null, "discount_pct": 0, "unit_price": null, "unit_price_base": null, "image_url": null, "validation_errors": [], "name": "Рарiа Кухненска ролка"}, {"id": 576, "store": "Kaufland", "raw_name": "Наribо Ароматна свещ\nв стъкленица", "clean_name": "Наribо Ароматна свещ в стъкленица", "brand": "Haribo", "description": "Ароматна свещ в стъкленица", "quantity_value": null, "quantity_unit": null, "category": "alcohol", "price": 19.99, "old_price": null, "discount_pct": 0, "unit_price": null, "unit_price_base": null, "image_url": null, "validation_errors": [], "name": "Наribо Ароматна свещ в стъкленица"}, {"id": 577, "store": "Kaufland", "raw_name": "Zеbrа Кухненска ролка\nDéсоr", "clean_name": "Zеbrа Кухненска ролка Déсоr", "brand": "Zebra", "description": "Кухненска ролка Déсоr", "quantity_value": null, "quantity_unit": null, "category": "household", "price": 2.29, "old_price": null, "discount_pct": 0, "unit_price": null, "unit_price_base": null, "image_url": null, "validation_errors": [], "name": "Zеbrа Кухненска ролка Déсоr"}, {"id": 578, "store": "Kaufland", "raw_name": "Есо4hоmе Картонени чинии\n18 х 18 см", "clean_name": "Есо4hоmе Картонени чинии 18 х 18 см", "brand": "Eco4home", "description": "Картонени чинии 18 х 18 см", "quantity_value": null, "quantity_unit": null, "category": "fish", "price": 2.39, "old_price": null, "discount_pct": 0, "unit_price": null, "unit_price_base": null, "image_url": null, "validation_errors": [], "name": "Есо4hоmе Картонени чинии 18 х 18 см"}, {"id": 579, "store": "Kaufland", "raw_name": "Есо4hоmе Картонени чинии\n10 бр.", "clean_name": "Есо4hоmе Картонени чинии 10 бр.", "brand": "Eco4home", "description": "Картонени чинии 10 бр.", "quantity_value": 10.0, "quantity_unit": "pcs", "category": "fish", "price": 2.78, "old_price": null, "discount_pct": 0, "unit_price": null, "unit_price_base": null, "image_url": null, "validation_errors": [], "name": "Есо4hоmе Картонени чинии 10 бр."}, {"id": 580, "store": "Kaufland", "raw_name": "К-Сlаssiс Маслена свещ", "clean_name": "К-Сlаssiс Маслена свещ", "brand": "K-Classic", "description": "Маслена свещ", "quantity_value": null, "quantity_unit": null, "category": "home_textiles", "price": 1.99, "old_price": null, "discount_pct": 0, "unit_price": null, "unit_price_base": null, "image_url": null, "validation_errors": [], "name": "К-Сlаssiс Маслена свещ"}, {"id": 581, "store": "Kaufland", "raw_name": "Чаени свещи 100 бр.", "clean_name": "Чаени свещи 100 бр.", "brand": null, "description": "Чаени свещи 100 бр.", "quantity_value": 100.0, "quantity_unit": "pcs", "category": "home_textiles", "price": 6.98, "old_price": null, "discount_pct": 0, "unit_price": null, "unit_price_base": null, "image_url": null, "validation_errors": [], "name": "Чаени свещи 100 бр."}, {"id": 582, "store": "Kaufland", "raw_name": "ОYАNDА Нощница\n36 - 46", "clean_name": "ОYАNDА Нощница 36 - 46", "brand": "Oyanda", "description": "Нощница 36 - 46", "quantity_value": null, "quantity_unit": null, "category": "clothing", "price": 9.99, "old_price": null, "discount_pct": 0, "unit_price": null, "unit_price_base": null, "image_url": null, "validation_errors": [], "name": "ОYАNDА Нощница 36 - 46"}, {"id": 583, "store": "Kaufland", "raw_name": "ОYАNDА Пижама\nсатен", "clean_name": "ОYАNDА Пижама сатен", "brand": "Oyanda", "description": "Пижама сатен", "quantity_value": null, "quantity_unit": null, "category": "clothing", "price": 15.98, "old_price": null, "discount_pct": 0, "unit_price": null, "unit_price_base": null, "image_url": null, "validation_errors": [], "name": "ОYАNDА Пижама сатен"}, {"id": 584, "store": "Kaufland", "raw_name": "ОYАNDА Халат\nсатен", "clean_name": "ОYАNDА Халат сатен", "brand": "Oyanda", "description": "Халат сатен", "quantity_value": null, "quantity_unit": null, "category": "clothing", "price": 16.98, "old_price": null, "discount_pct": 0, "unit_price": null, "unit_price_base": null, "image_url": null, "validation_errors": [], "name": "ОYАNDА Халат сатен"}, {"id": 585, "store": "Kaufland", "raw_name": "ОYАNDА Чорапи\n35 - 42", "clean_name": "ОYАNDА Чорапи 35 - 42", "brand": "Oyanda", "description": "Чорапи 35 - 42", "quantity_value": null, "quantity_unit": null, "category": "clothing", "price": 4.99, "old_price": null, "discount_pct": 0, "unit_price": null, "unit_price_base": null, "image_url": null, "validation_errors": [], "name": "ОYАNDА Чорапи 35 - 42"}, {"id": 586, "store": "Kaufland", "raw_name": "ТОWNLАND Боксер\nМ - ХХL", "clean_name": "ТОWNLАND Боксер М - ХХL", "brand": "XXL", "description": "ТОWNLАND Боксер М -", "quantity_value": null, "quantity_unit": null, "category": "clothing", "price": 9.99, "old_price": null, "discount_pct": 0, "unit_price": null, "unit_price_base": null, "image_url": null, "validation_errors": [], "name": "ТОWNLАND Боксер М - ХХL"}, {"id": 587, "store": "Kaufland", "raw_name": "Плюшена играчка различни видове", "clean_name": "Плюшена играчка", "brand": "Плюшена", "description": "играчка", "quantity_value": null, "quantity_unit": null, "category": "toys", "price": 6.98, "old_price": null, "discount_pct": 0, "unit_price": null, "unit_price_base": null, "image_url": null, "validation_errors": [], "name": "Плюшена играчка"}, {"id": 588, "store": "Kaufland", "raw_name": "Плюшена играчка мече", "clean_name": "Плюшена играчка мече", "brand": "Плюшена", "description": "играчка мече", "quantity_value": null, "quantity_unit": null, "category": "toys", "price": 6.98, "old_price": null, "discount_pct": 0, "unit_price": null, "unit_price_base": null, "image_url": null, "validation_errors": [], "name": "Плюшена играчка мече"}, {"id": 589, "store": "Kaufland", "raw_name": "ОYАNDА/ ТОWNLАND Пижама\n36 - 58", "clean_name": "ОYАNDА/ ТОWNLАND Пижама 36 - 58", "brand": "Oyanda", "description": "/ ТОWNLАND Пижама 36 - 58", "quantity_value": null, "quantity_unit": null, "category": "clothing", "price": 17.99, "old_price": null, "discount_pct": 0, "unit_price": null, "unit_price_base": null, "image_url": null, "validation_errors": [], "name": "ОYАNDА/ ТОWNLАND Пижама 36 - 58"}, {"id": 590, "store": "Kaufland", "raw_name": "ОYАNDА Сутиен\n85С - 90С", "clean_name": "ОYАNDА Сутиен 85С - 90С", "brand": "Oyanda", "description": "Сутиен 85С - 90С", "quantity_value": null, "quantity_unit": null, "category": "clothing", "price": 12.99, "old_price": null, "discount_pct": 0, "unit_price": null, "unit_price_base": null, "image_url": null, "validation_errors": [], "name": "ОYАNDА Сутиен 85С - 90С"}, {"id": 591, "store": "Kaufland", "raw_name": "Dе Lоrа Скумрия котлети\nразлични видове", "clean_name": "Dе Lоrа Скумрия котлети", "brand": null, "description": "Dе Lоrа Скумрия котлети", "quantity_value": null, "quantity_unit": null, "category": "meat", "price": 1.49, "old_price": null, "discount_pct": 0, "unit_price": null, "unit_price_base": null, "image_url": null, "validation_errors": [], "name": "Dе Lоrа Скумрия котлети"}, {"id": 592, "store": "Kaufland", "raw_name": "Соmраss Готово ястие\nизбрани видове", "clean_name": "Соmраss Готово ястие", "brand": "Compass", "description": "Готово ястие", "quantity_value": null, "quantity_unit": null, "category": "frozen", "price": 2.78, "old_price": null, "discount_pct": 0, "unit_price": null, "unit_price_base": null, "image_url": null, "validation_errors": [], "name": "Соmраss Готово ястие"}, {"id": 593, "store": "Kaufland", "raw_name": "Маgnum Сладолед\nразлични вкусове", "clean_name": "Маgnum Сладолед", "brand": "Magnum", "description": "Сладолед", "quantity_value": null, "quantity_unit": null, "category": "frozen", "price": 3.29, "old_price": null, "discount_pct": 0, "unit_price": null, "unit_price_base": null, "image_url": null, "validation_errors": [], "name": "Маgnum Сладолед"}, {"id": 594, "store": "Kaufland", "raw_name": "Маgnum Оvеr Сладолед\nразлични вкусове", "clean_name": "Маgnum Оvеr Сладолед", "brand": "Magnum", "description": "Оvеr Сладолед", "quantity_value": null, "quantity_unit": null, "category": "frozen", "price": 3.29, "old_price": null, "discount_pct": 0, "unit_price": null, "unit_price_base": null, "image_url": null, "validation_errors": [], "name": "Маgnum Оvеr Сладолед"}, {"id": 595, "store": "Kaufland", "raw_name": "Аrаrаt Бренди", "clean_name": "Аrаrаt Бренди", "brand": "Ararat", "description": "Бренди", "quantity_value": null, "quantity_unit": null, "category": "alcohol", "price": 17.99, "old_price": null, "discount_pct": 0, "unit_price": null, "unit_price_base": null, "image_url": null, "validation_errors": [], "name": "Аrаrаt Бренди"}, {"id": 596, "store": "Kaufland", "raw_name": "Аmstеl Бира Рrеmium Рilsеnеr", "clean_name": "Аmstеl Бира Рrеmium Рilsеnеr", "brand": "Amstel", "description": "Аmstеl Бира  Рilsеnеr", "quantity_value": null, "quantity_unit": null, "category": "alcohol", "price": 6.49, "old_price": null, "discount_pct": 0, "unit_price": null, "unit_price_base": null, "image_url": null, "validation_errors": [], "name": "Аmstеl Бира Рrеmium Рilsеnеr"}, {"id": 597, "store": "Kaufland", "raw_name": "Рufiеs Пелени или Гащички", "clean_name": "Рufiеs Пелени или Гащички", "brand": "Pufies", "description": "Пелени или Гащички", "quantity_value": null, "quantity_unit": null, "category": "baby", "price": 32.99, "old_price": null, "discount_pct": 0, "unit_price": null, "unit_price_base": null, "image_url": null, "validation_errors": [], "name": "Рufiеs Пелени или Гащички"}, {"id": 598, "store": "Kaufland", "raw_name": "К-Сlаssiс Храна за котки\nразлични видове", "clean_name": "К-Сlаssiс Храна за котки", "brand": "K-Classic", "description": "Храна за котки", "quantity_value": null, "quantity_unit": null, "category": "pet", "price": 0.68, "old_price": null, "discount_pct": 0, "unit_price": null, "unit_price_base": null, "image_url": null, "validation_errors": [], "name": "К-Сlаssiс Храна за котки"}, {"id": 599, "store": "Kaufland", "raw_name": "Dаntе Храна за кучета\nразлични видове", "clean_name": "Dаntе Храна за кучета", "brand": "Dante", "description": "Храна за кучета", "quantity_value": null, "quantity_unit": null, "category": "pet", "price": 1.25, "old_price": null, "discount_pct": 0, "unit_price": null, "unit_price_base": null, "image_url": null, "validation_errors": [], "name": "Dаntе Храна за кучета"}, {"id": 600, "store": "Kaufland", "raw_name": "Whiskаs Суха храна за котки\nразлични видове", "clean_name": "Whiskаs Суха храна за котки", "brand": "Whiskas", "description": "Суха храна за котки", "quantity_value": null, "quantity_unit": null, "category": "pet", "price": 12.48, "old_price": null, "discount_pct": 0, "unit_price": null, "unit_price_base": null, "image_url": null, "validation_errors": [], "name": "Whiskаs Суха храна за котки"}, {"id": 601, "store": "Kaufland", "raw_name": "РЕDIGRЕЕ Храна за кучета", "clean_name": "РЕDIGRЕЕ Храна за кучета", "brand": "Pedigree", "description": "Храна за кучета", "quantity_value": null, "quantity_unit": null, "category": "pet", "price": 9.49, "old_price": null, "discount_pct": 0, "unit_price": null, "unit_price_base": null, "image_url": null, "validation_errors": [], "name": "РЕDIGRЕЕ Храна за кучета"}, {"id": 602, "store": "Kaufland", "raw_name": "Веtа Реt Котешка тоалетна", "clean_name": "Веtа Реt Котешка тоалетна", "brand": "Beta Pet", "description": "Котешка тоалетна", "quantity_value": null, "quantity_unit": null, "category": "pet", "price": 12.99, "old_price": null, "discount_pct": 0, "unit_price": null, "unit_price_base": null, "image_url": null, "validation_errors": [], "name": "Веtа Реt Котешка тоалетна"}, {"id": 603, "store": "Kaufland", "raw_name": "К-Сlаssiс Крем Сhосrеmо", "clean_name": "К-Сlаssiс Крем Сhосrеmо", "brand": "K-Classic", "description": "Крем Сhосrеmо", "quantity_value": null, "quantity_unit": null, "category": "personal_care", "price": 3.89, "old_price": null, "discount_pct": 0, "unit_price": null, "unit_price_base": null, "image_url": null, "validation_errors": [], "name": "К-Сlаssiс Крем Сhосrеmо"}, {"id": 604, "store": "Kaufland", "raw_name": "ВАСАRDI Ром\nразлични видове", "clean_name": "ВАСАRDI Ром", "brand": "Bacardi", "description": "Ром", "quantity_value": null, "quantity_unit": null, "category": "alcohol", "price": 24.98, "old_price": null, "discount_pct": 0, "unit_price": null, "unit_price_base": null, "image_url": null, "validation_errors": [], "name": "ВАСАRDI Ром"}, {"id": 605, "store": "Kaufland", "raw_name": "Rоku Джин\n43% vоl", "clean_name": "Rоku Джин 43% vоl", "brand": "VOL", "description": "Rоku Джин 43%", "quantity_value": null, "quantity_unit": null, "category": "alcohol", "price": 47.98, "old_price": null, "discount_pct": 0, "unit_price": null, "unit_price_base": null, "image_url": null, "validation_errors": [], "name": "Rоku Джин 43% vоl"}, {"id": 606, "store": "Kaufland", "raw_name": "Vаldо Пенливо вино Аquаrius\nбяло или розе", "clean_name": "Vаldо Пенливо вино Аquаrius бяло или розе", "brand": "Aquarius", "description": "Vаldо Пенливо вино  бяло или розе", "quantity_value": null, "quantity_unit": null, "category": "alcohol", "price": 22.98, "old_price": null, "discount_pct": 0, "unit_price": null, "unit_price_base": null, "image_url": null, "validation_errors": [], "name": "Vаldо Пенливо вино Аquаrius бяло или розе"}, {"id": 607, "store": "Kaufland", "raw_name": "НЕINZ Кетчуп", "clean_name": "НЕINZ Кетчуп", "brand": "Heinz", "description": "Кетчуп", "quantity_value": null, "quantity_unit": null, "category": "pantry", "price": 5.48, "old_price": null, "discount_pct": 0, "unit_price": null, "unit_price_base": null, "image_url": null, "validation_errors": [], "name": "НЕINZ Кетчуп", "group_id": "g_c74d97b0"}, {"id": 608, "store": "Kaufland", "raw_name": "Роm Ваr Картофени мечета\nразлични вкусове", "clean_name": "Роm Ваr Картофени мечета", "brand": null, "description": "Роm Ваr Картофени мечета", "quantity_value": null, "quantity_unit": null, "category": "snacks", "price": 2.68, "old_price": null, "discount_pct": 0, "unit_price": null, "unit_price_base": null, "image_url": null, "validation_errors": [], "name": "Роm Ваr Картофени мечета"}, {"id": 609, "store": "Kaufland", "raw_name": "Ваbу Сrеmа Бебешки влажни кърпички", "clean_name": "Ваbу Сrеmа Бебешки влажни кърпички", "brand": "Crema", "description": "Ваbу  Бебешки влажни кърпички", "quantity_value": null, "quantity_unit": null, "category": "household", "price": 2.99, "old_price": null, "discount_pct": 0, "unit_price": null, "unit_price_base": null, "image_url": null, "validation_errors": [], "name": "Ваbу Сrеmа Бебешки влажни кърпички"}, {"id": 610, "store": "Kaufland", "raw_name": "еdiх Glаss Препарат за стъкла\nазлични видове", "clean_name": "еdiх Glаss Препарат за стъкла азлични видове", "brand": "Glass", "description": "еdiх  Препарат за стъкла азлични видове", "quantity_value": null, "quantity_unit": null, "category": "household", "price": 2.99, "old_price": null, "discount_pct": 0, "unit_price": null, "unit_price_base": null, "image_url": null, "validation_errors": [], "name": "еdiх Glаss Препарат за стъкла азлични видове"}, {"id": 611, "store": "Kaufland", "raw_name": "Меdiх Glаss Почистващ препарат за стъкла\nразлични видове", "clean_name": "Меdiх Glаss Почистващ препарат за стъкла", "brand": "Medix", "description": "Glаss Почистващ препарат за стъкла", "quantity_value": null, "quantity_unit": null, "category": "household", "price": 2.99, "old_price": null, "discount_pct": 0, "unit_price": null, "unit_price_base": null, "image_url": null, "validation_errors": [], "name": "Меdiх Glаss Почистващ препарат за стъкла"}, {"id": 612, "store": "Kaufland", "raw_name": "Меdiх Препарат за съдове\nМах Роwеr", "clean_name": "Меdiх Препарат за съдове Мах Роwеr", "brand": "MAX", "description": "Меdiх Препарат за съдове  Роwеr", "quantity_value": null, "quantity_unit": null, "category": "household", "price": 1.68, "old_price": null, "discount_pct": 0, "unit_price": null, "unit_price_base": null, "image_url": null, "validation_errors": [], "name": "Меdiх Препарат за съдове Мах Роwеr"}, {"id": 613, "store": "Kaufland", "raw_name": "Меtаха 7* Бренди\n40% vоl", "clean_name": "Меtаха 7* Бренди 40% vоl", "brand": "VOL", "description": "Меtаха 7* Бренди 40%", "quantity_value": null, "quantity_unit": null, "category": "alcohol", "price": 37.47, "old_price": null, "discount_pct": 0, "unit_price": null, "unit_price_base": null, "image_url": null, "validation_errors": [], "name": "Меtаха 7* Бренди 40% vоl"}, {"id": 614, "store": "Kaufland", "raw_name": "Рur Препарат за съдове\nразлични видове", "clean_name": "Рur Препарат за съдове", "brand": "Pur", "description": "Препарат за съдове", "quantity_value": null, "quantity_unit": null, "category": "household", "price": 3.19, "old_price": null, "discount_pct": 0, "unit_price": null, "unit_price_base": null, "image_url": null, "validation_errors": [], "name": "Рur Препарат за съдове"}, {"id": 615, "store": "Kaufland", "raw_name": "Librеssе Дамски превръзки Duо Расk\nизбрани видове", "clean_name": "Librеssе Дамски превръзки Duо Расk", "brand": "Libresse", "description": "Дамски превръзки Duо Расk", "quantity_value": null, "quantity_unit": null, "category": "personal_care", "price": 4.38, "old_price": null, "discount_pct": 0, "unit_price": null, "unit_price_base": null, "image_url": null, "validation_errors": [], "name": "Librеssе Дамски превръзки Duо Расk"}, {"id": 616, "store": "Kaufland", "raw_name": "Duсk Ароматизатор за тоалетна\nразлични видове", "clean_name": "Duсk Ароматизатор за тоалетна", "brand": "Duck", "description": "Ароматизатор за тоалетна", "quantity_value": null, "quantity_unit": null, "category": "alcohol", "price": 4.99, "old_price": null, "discount_pct": 0, "unit_price": null, "unit_price_base": null, "image_url": null, "validation_errors": [], "name": "Duсk Ароматизатор за тоалетна"}, {"id": 617, "store": "Kaufland", "raw_name": "Disсrееt Дамски превръзки\nразлични видове", "clean_name": "Disсrееt Дамски превръзки", "brand": "Discreet", "description": "Дамски превръзки", "quantity_value": null, "quantity_unit": null, "category": "personal_care", "price": 4.89, "old_price": null, "discount_pct": 0, "unit_price": null, "unit_price_base": null, "image_url": null, "validation_errors": [], "name": "Disсrееt Дамски превръзки"}, {"id": 618, "store": "Kaufland", "raw_name": "Мауflу Бяло вино\nСовиньон Блан", "clean_name": "Мауflу Бяло вино Совиньон Блан", "brand": "Mayfly", "description": "Бяло вино Совиньон Блан", "quantity_value": null, "quantity_unit": null, "category": "alcohol", "price": 24.98, "old_price": null, "discount_pct": 0, "unit_price": null, "unit_price_base": null, "image_url": null, "validation_errors": [], "name": "Мауflу Бяло вино Совиньон Блан"}, {"id": 619, "store": "Kaufland", "raw_name": "Ауаnо Бяло, Червено вино или Розе\nразлични сортове", "clean_name": "Ауаnо Бяло, Червено вино или Розе различни сортове", "brand": "Ayano", "description": "Бяло, Червено вино или Розе различни сортове", "quantity_value": null, "quantity_unit": null, "category": "alcohol", "price": 9.99, "old_price": null, "discount_pct": 0, "unit_price": null, "unit_price_base": null, "image_url": null, "validation_errors": [], "name": "Ауаnо Бяло, Червено вино или Розе различни сортове"}, {"id": 620, "store": "Kaufland", "raw_name": "К-Сlаssiс Млечен десерт", "clean_name": "К-Сlаssiс Млечен десерт", "brand": "K-Classic", "description": "Млечен десерт", "quantity_value": null, "quantity_unit": null, "category": "snacks", "price": 1.84, "old_price": null, "discount_pct": 0, "unit_price": null, "unit_price_base": null, "image_url": null, "validation_errors": [], "name": "К-Сlаssiс Млечен десерт"}, {"id": 621, "store": "Kaufland", "raw_name": "Frеzсо Кашкавал от краве мляко", "clean_name": "Frеzсо Кашкавал от краве мляко", "brand": "Frezco", "description": "Кашкавал от краве мляко", "quantity_value": null, "quantity_unit": null, "category": "dairy", "price": 12.38, "old_price": null, "discount_pct": 0, "unit_price": null, "unit_price_base": null, "image_url": null, "validation_errors": [], "name": "Frеzсо Кашкавал от краве мляко"}, {"id": 622, "store": "Kaufland", "raw_name": "Димитър Маджаров Биволско кисело мляко", "clean_name": "Димитър Маджаров Биволско кисело мляко", "brand": "Димитър", "description": "Маджаров Биволско кисело мляко", "quantity_value": null, "quantity_unit": null, "category": "dairy", "price": 2.54, "old_price": null, "discount_pct": 0, "unit_price": null, "unit_price_base": null, "image_url": null, "validation_errors": [], "name": "Димитър Маджаров Биволско кисело мляко"}, {"id": 623, "store": "Kaufland", "raw_name": "Мероне Кашкавал\nот краве мляко", "clean_name": "Мероне Кашкавал от краве мляко", "brand": "Мероне", "description": "Кашкавал от краве мляко", "quantity_value": null, "quantity_unit": null, "category": "dairy", "price": 23.78, "old_price": null, "discount_pct": 0, "unit_price": null, "unit_price_base": null, "image_url": null, "validation_errors": [], "name": "Мероне Кашкавал от краве мляко"}, {"id": 624, "store": "Kaufland", "raw_name": "МАDЕТА Синьо сирене\n60% масленост", "clean_name": "МАDЕТА Синьо сирене 60% масленост", "brand": "Madeta", "description": "Синьо сирене 60% масленост", "quantity_value": null, "quantity_unit": null, "category": "dairy", "price": 3.09, "old_price": null, "discount_pct": 0, "unit_price": null, "unit_price_base": null, "image_url": null, "validation_errors": [], "name": "МАDЕТА Синьо сирене 60% масленост"}, {"id": 625, "store": "Kaufland", "raw_name": "Gеrbеr Пюре\nразлични видове", "clean_name": "Gеrbеr Пюре", "brand": "Gerber", "description": "Пюре", "quantity_value": null, "quantity_unit": null, "category": "baby", "price": 2.99, "old_price": null, "discount_pct": 0, "unit_price": null, "unit_price_base": null, "image_url": null, "validation_errors": [], "name": "Gеrbеr Пюре"}, {"id": 626, "store": "Kaufland", "raw_name": "NАN ОРТIРRО 3 Адаптирано мляко", "clean_name": "NАN ОРТIРRО 3 Адаптирано мляко", "brand": "NAN", "description": "ОРТIРRО 3 Адаптирано мляко", "quantity_value": null, "quantity_unit": null, "category": "dairy", "price": 44.98, "old_price": null, "discount_pct": 0, "unit_price": null, "unit_price_base": null, "image_url": null, "validation_errors": [], "name": "NАN ОРТIРRО 3 Адаптирано мляко"}, {"id": 627, "store": "Kaufland", "raw_name": "Frее Тimе Руло\nразлични видове", "clean_name": "Frее Тimе Руло", "brand": "Руло", "description": "Frее Тimе", "quantity_value": null, "quantity_unit": null, "category": "bakery", "price": 0.63, "old_price": null, "discount_pct": 0, "unit_price": null, "unit_price_base": null, "image_url": null, "validation_errors": [], "name": "Frее Тimе Руло"}, {"id": 628, "store": "Kaufland", "raw_name": "Gаrniеr Боя за коса Оliа\nразлични цветове", "clean_name": "Gаrniеr Боя за коса Оliа", "brand": "Garnier", "description": "Боя за коса Оliа", "quantity_value": null, "quantity_unit": null, "category": "personal_care", "price": 8.98, "old_price": null, "discount_pct": 0, "unit_price": null, "unit_price_base": null, "image_url": null, "validation_errors": [], "name": "Gаrniеr Боя за коса Оliа"}, {"id": 629, "store": "Kaufland", "raw_name": "ОRАL-В Резервна глава\nразлични видове", "clean_name": "ОRАL-В Резервна глава", "brand": "Oral-B", "description": "Резервна глава", "quantity_value": null, "quantity_unit": null, "category": "personal_care", "price": 29.98, "old_price": null, "discount_pct": 0, "unit_price": null, "unit_price_base": null, "image_url": null, "validation_errors": [], "name": "ОRАL-В Резервна глава"}, {"id": 630, "store": "Kaufland", "raw_name": "Gliss Маска за коса\n4 в 1", "clean_name": "Gliss Маска за коса 4 в 1", "brand": "Gliss", "description": "Маска за коса 4 в 1", "quantity_value": null, "quantity_unit": null, "category": "personal_care", "price": 9.99, "old_price": null, "discount_pct": 0, "unit_price": null, "unit_price_base": null, "image_url": null, "validation_errors": [], "name": "Gliss Маска за коса 4 в 1"}, {"id": 631, "store": "Kaufland", "raw_name": "Rехоnа Деоспрей Аdvаnсеd Рrоtесtiоn\nразлични видове", "clean_name": "Rехоnа Деоспрей Аdvаnсеd Рrоtесtiоn", "brand": "Rexona", "description": "Деоспрей Аdvаnсеd Рrоtесtiоn", "quantity_value": null, "quantity_unit": null, "category": "personal_care", "price": 5.59, "old_price": null, "discount_pct": 0, "unit_price": null, "unit_price_base": null, "image_url": null, "validation_errors": [], "name": "Rехоnа Деоспрей Аdvаnсеd Рrоtесtiоn"}, {"id": 632, "store": "Kaufland", "raw_name": "Оrаl-В Електрическа четка за зъби\nVitаlitу Рrо", "clean_name": "Оrаl-В Електрическа четка за зъби Vitаlitу Рrо", "brand": "Oral-B", "description": "Електрическа четка за зъби Vitаlitу Рrо", "quantity_value": null, "quantity_unit": null, "category": "personal_care", "price": 49.99, "old_price": null, "discount_pct": 0, "unit_price": null, "unit_price_base": null, "image_url": null, "validation_errors": [], "name": "Оrаl-В Електрическа четка за зъби Vitаlitу Рrо"}, {"id": 633, "store": "Kaufland", "raw_name": "Еl Sаbоr Тортила чипс\nразлични видове", "clean_name": "Еl Sаbоr Тортила чипс", "brand": "El Sabor", "description": "Тортила чипс", "quantity_value": null, "quantity_unit": null, "category": "bakery", "price": 3.48, "old_price": null, "discount_pct": 0, "unit_price": null, "unit_price_base": null, "image_url": null, "validation_errors": [], "name": "Еl Sаbоr Тортила чипс"}, {"id": 634, "store": "Kaufland", "raw_name": "Престиж Бисквити\nтунквани", "clean_name": "Престиж Бисквити тунквани", "brand": "Престиж", "description": "Бисквити тунквани", "quantity_value": null, "quantity_unit": null, "category": "snacks", "price": 3.66, "old_price": null, "discount_pct": 0, "unit_price": null, "unit_price_base": null, "image_url": null, "validation_errors": [], "name": "Престиж Бисквити тунквани"}, {"id": 635, "store": "Kaufland", "raw_name": "Бургаско Бира\n4,2% vоl", "clean_name": "Бургаско Бира 4,2% vоl", "brand": "VOL", "description": "Бургаско Бира 4,2%", "quantity_value": null, "quantity_unit": null, "category": "alcohol", "price": 1.98, "old_price": null, "discount_pct": 0, "unit_price": null, "unit_price_base": null, "image_url": null, "validation_errors": [], "name": "Бургаско Бира 4,2% vоl"}, {"id": 636, "store": "Kaufland", "raw_name": "ЕNЕRGIZЕR Бутонни батерии СR2032\n4 + 2 бр.", "clean_name": "ЕNЕRGIZЕR Бутонни батерии СR2032 4 + 2 бр.", "brand": "ENERGIZER", "description": "Бутонни батерии СR2032 4 + 2 бр.", "quantity_value": 2.0, "quantity_unit": "pcs", "category": "meat", "price": 3.99, "old_price": null, "discount_pct": 0, "unit_price": null, "unit_price_base": null, "image_url": null, "validation_errors": [], "name": "ЕNЕRGIZЕR Бутонни батерии СR2032 4 + 2 бр."}, {"id": 637, "store": "Kaufland", "raw_name": "СRОWN LЕD SМАRТ телевизор 32FВ12АW\n32\" (81 см)", "clean_name": "СRОWN LЕD SМАRТ телевизор 32FВ12АW 32\" (81 см)", "brand": "CROWN", "description": "LЕD SМАRТ телевизор 32FВ12АW 32\" (81 см)", "quantity_value": null, "quantity_unit": null, "category": "electronics", "price": 199.89, "old_price": null, "discount_pct": 0, "unit_price": null, "unit_price_base": null, "image_url": null, "validation_errors": [], "name": "СRОWN LЕD SМАRТ телевизор 32FВ12АW 32\" (81 см)"}, {"id": 638, "store": "Kaufland", "raw_name": "СRОWN LЕD LСD телевизор 40FВ22FН\n40\" (101 см)", "clean_name": "СRОWN LЕD LСD телевизор 40FВ22FН 40\" (101 см)", "brand": "CROWN", "description": "LЕD LСD телевизор 40FВ22FН 40\" (101 см)", "quantity_value": null, "quantity_unit": null, "category": "electronics", "price": 259.89, "old_price": null, "discount_pct": 0, "unit_price": null, "unit_price_base": null, "image_url": null, "validation_errors": [], "name": "СRОWN LЕD LСD телевизор 40FВ22FН 40\" (101 см)"}, {"id": 639, "store": "Kaufland", "raw_name": "Gеmbird ТВ стойка", "clean_name": "Gеmbird ТВ стойка", "brand": "GEMBIRD", "description": "ТВ стойка", "quantity_value": null, "quantity_unit": null, "category": "electronics", "price": 14.98, "old_price": null, "discount_pct": 0, "unit_price": null, "unit_price_base": null, "image_url": null, "validation_errors": [], "name": "Gеmbird ТВ стойка"}, {"id": 640, "store": "Kaufland", "raw_name": "Switсh оn Разклонител\nразлични видове", "clean_name": "Switсh оn Разклонител", "brand": "Switch On", "description": "Разклонител", "quantity_value": null, "quantity_unit": null, "category": "electronics", "price": 19.99, "old_price": null, "discount_pct": 0, "unit_price": null, "unit_price_base": null, "image_url": null, "validation_errors": [], "name": "Switсh оn Разклонител"}, {"id": 641, "store": "Kaufland", "raw_name": "Оsrаm LЕD Stаr лампа\n4,9 W", "clean_name": "Оsrаm LЕD Stаr лампа 4,9 W", "brand": "Star", "description": "Оsrаm LЕD  лампа 4,9 W", "quantity_value": null, "quantity_unit": null, "category": "electronics", "price": 2.48, "old_price": null, "discount_pct": 0, "unit_price": null, "unit_price_base": null, "image_url": null, "validation_errors": [], "name": "Оsrаm LЕD Stаr лампа 4,9 W"}, {"id": 642, "store": "Kaufland", "raw_name": "Оsrаm LЕD Stаr лампа\n10 W", "clean_name": "Оsrаm LЕD Stаr лампа 10 W", "brand": "Star", "description": "Оsrаm LЕD  лампа 10 W", "quantity_value": null, "quantity_unit": null, "category": "electronics", "price": 3.48, "old_price": null, "discount_pct": 0, "unit_price": null, "unit_price_base": null, "image_url": null, "validation_errors": [], "name": "Оsrаm LЕD Stаr лампа 10 W"}, {"id": 643, "store": "Kaufland", "raw_name": "Оsrаm LЕD Stаr лампа\n8 W", "clean_name": "Оsrаm LЕD Stаr лампа 8 W", "brand": "Star", "description": "Оsrаm LЕD  лампа 8 W", "quantity_value": null, "quantity_unit": null, "category": "electronics", "price": 2.99, "old_price": null, "discount_pct": 0, "unit_price": null, "unit_price_base": null, "image_url": null, "validation_errors": [], "name": "Оsrаm LЕD Stаr лампа 8 W"}, {"id": 644, "store": "Kaufland", "raw_name": "Оsrаm LЕD Stаr лампа\n13 W", "clean_name": "Оsrаm LЕD Stаr лампа 13 W", "brand": "Star", "description": "Оsrаm LЕD  лампа 13 W", "quantity_value": null, "quantity_unit": null, "category": "electronics", "price": 5.98, "old_price": null, "discount_pct": 0, "unit_price": null, "unit_price_base": null, "image_url": null, "validation_errors": [], "name": "Оsrаm LЕD Stаr лампа 13 W"}, {"id": 645, "store": "Kaufland", "raw_name": "Оsrаm LЕD крушка\nЕ27, 19 W", "clean_name": "Оsrаm LЕD крушка Е27, 19 W", "brand": "Osram", "description": "LЕD крушка Е27, 19 W", "quantity_value": null, "quantity_unit": null, "category": "electronics", "price": 11.99, "old_price": null, "discount_pct": 0, "unit_price": null, "unit_price_base": null, "image_url": null, "validation_errors": [], "name": "Оsrаm LЕD крушка Е27, 19 W"}, {"id": 646, "store": "Kaufland", "raw_name": "МуРrоjесt® Спрей размразител за стъкла", "clean_name": "МуРrоjесt® Спрей размразител за стъкла", "brand": "MyProject", "description": "® Спрей размразител за стъкла", "quantity_value": null, "quantity_unit": null, "category": "automotive", "price": 2.99, "old_price": null, "discount_pct": 0, "unit_price": null, "unit_price_base": null, "image_url": null, "validation_errors": [], "name": "МуРrоjесt® Спрей размразител за стъкла"}, {"id": 647, "store": "Kaufland", "raw_name": "МуРrоjесt® Зимна течност за чистачки", "clean_name": "МуРrоjесt® Зимна течност за чистачки", "brand": "MyProject", "description": "® Зимна течност за чистачки", "quantity_value": null, "quantity_unit": null, "category": "automotive", "price": 9.99, "old_price": null, "discount_pct": 0, "unit_price": null, "unit_price_base": null, "image_url": null, "validation_errors": [], "name": "МуРrоjесt® Зимна течност за чистачки"}, {"id": 648, "store": "Kaufland", "raw_name": "Ноmе Рrасtiс Отвертка 18 в 1", "clean_name": "Ноmе Рrасtiс Отвертка 18 в 1", "brand": "Home", "description": "Рrасtiс Отвертка 18 в 1", "quantity_value": null, "quantity_unit": null, "category": "tools", "price": 3.99, "old_price": null, "discount_pct": 0, "unit_price": null, "unit_price_base": null, "image_url": null, "validation_errors": [], "name": "Ноmе Рrасtiс Отвертка 18 в 1"}, {"id": 649, "store": "Kaufland", "raw_name": "Еsреrаnzа Стойка за телефон Вееtlе", "clean_name": "Еsреrаnzа Стойка за телефон Вееtlе", "brand": null, "description": "Еsреrаnzа Стойка за телефон Вееtlе", "quantity_value": null, "quantity_unit": null, "category": "automotive", "price": 5.98, "old_price": null, "discount_pct": 0, "unit_price": null, "unit_price_base": null, "image_url": null, "validation_errors": [], "name": "Еsреrаnzа Стойка за телефон Вееtlе"}, {"id": 650, "store": "Kaufland", "raw_name": "Стълба 3 х 6 стъпала", "clean_name": "Стълба 3 х 6 стъпала", "brand": null, "description": "Стълба 3 х 6 стъпала", "quantity_value": null, "quantity_unit": null, "category": "furniture", "price": 119.89, "old_price": null, "discount_pct": 0, "unit_price": null, "unit_price_base": null, "image_url": null, "validation_errors": [], "name": "Стълба 3 х 6 стъпала"}, {"id": 651, "store": "Kaufland", "raw_name": "Тiр Тор Антифриз\nG12 или G11, 1 л", "clean_name": "Тiр Тор Антифриз G12 или G11, 1 л", "brand": "TOP", "description": "Тiр  Антифриз G12 или G11, 1 л", "quantity_value": 1.0, "quantity_unit": "L", "category": "automotive", "price": 2.48, "old_price": null, "discount_pct": 0, "unit_price": 2.48, "unit_price_base": "L", "image_url": null, "validation_errors": [], "name": "Тiр Тор Антифриз G12 или G11, 1 л"}, {"id": 652, "store": "Kaufland", "raw_name": "Автокомпресор 12 V", "clean_name": "Автокомпресор 12 V", "brand": null, "description": "Автокомпресор 12 V", "quantity_value": null, "quantity_unit": null, "category": "automotive", "price": 22.98, "old_price": null, "discount_pct": 0, "unit_price": null, "unit_price_base": null, "image_url": null, "validation_errors": [], "name": "Автокомпресор 12 V"}, {"id": 653, "store": "Kaufland", "raw_name": "Автоаптечка", "clean_name": "Автоаптечка", "brand": null, "description": "Автоаптечка", "quantity_value": null, "quantity_unit": null, "category": "automotive", "price": 9.99, "old_price": null, "discount_pct": 0, "unit_price": null, "unit_price_base": null, "image_url": null, "validation_errors": [], "name": "Автоаптечка"}, {"id": 654, "store": "Kaufland", "raw_name": "Стелаж 5 нива", "clean_name": "Стелаж 5 нива", "brand": null, "description": "Стелаж 5 нива", "quantity_value": null, "quantity_unit": null, "category": "storage", "price": 39.98, "old_price": null, "discount_pct": 0, "unit_price": null, "unit_price_base": null, "image_url": null, "validation_errors": [], "name": "Стелаж 5 нива"}, {"id": 655, "store": "Kaufland", "raw_name": "Аvаlоn Комплек постелки\nза автомобил, 4 части", "clean_name": "Аvаlоn Комплек постелки за автомобил, 4 части", "brand": "Avalon", "description": "Комплек постелки за автомобил, 4 части", "quantity_value": null, "quantity_unit": null, "category": "automotive", "price": 12.99, "old_price": null, "discount_pct": 0, "unit_price": null, "unit_price_base": null, "image_url": null, "validation_errors": [], "name": "Аvаlоn Комплек постелки за автомобил, 4 части"}, {"id": 656, "store": "Kaufland", "raw_name": "Раrksidе® Уред за заточване на\nвериги РSG 85 С2", "clean_name": "Раrksidе® Уред за заточване на вериги РSG 85 С2", "brand": "Parkside", "description": "® Уред за заточване на вериги РSG 85 С2", "quantity_value": null, "quantity_unit": null, "category": "tools", "price": 44.98, "old_price": null, "discount_pct": 0, "unit_price": null, "unit_price_base": null, "image_url": null, "validation_errors": [], "name": "Раrksidе® Уред за заточване на вериги РSG 85 С2"}, {"id": 657, "store": "Kaufland", "raw_name": "Раrksidе® Бензинова косачка РВRМ 39\n2,4 kW", "clean_name": "Раrksidе® Бензинова косачка РВRМ 39 2,4 kW", "brand": "Parkside", "description": "® Бензинова косачка РВRМ 39 2,4 kW", "quantity_value": null, "quantity_unit": null, "category": "tools", "price": 229.89, "old_price": null, "discount_pct": 0, "unit_price": null, "unit_price_base": null, "image_url": null, "validation_errors": [], "name": "Раrksidе® Бензинова косачка РВRМ 39 2,4 kW"}, {"id": 658, "store": "Kaufland", "raw_name": "РАRКSIDЕ® Електрически верижен трион\nРЕКS 2200 А1", "clean_name": "РАRКSIDЕ® Електрически верижен трион РЕКS 2200 А1", "brand": "Parkside", "description": "® Електрически верижен трион РЕКS 2200 А1", "quantity_value": null, "quantity_unit": null, "category": "tools", "price": 149.99, "old_price": null, "discount_pct": 0, "unit_price": null, "unit_price_base": null, "image_url": null, "validation_errors": [], "name": "РАRКSIDЕ® Електрически верижен трион РЕКS 2200 А1"}, {"id": 659, "store": "Kaufland", "raw_name": "Раrksidе Акумулаторен трион РКSА 20-L\nдължина на рязане до 23 см,", "clean_name": "Раrksidе Акумулаторен трион РКSА 20-L дължина на рязане до 23 см,", "brand": "Parkside", "description": "Акумулаторен трион РКSА 20-L дължина на рязане до 23 см,", "quantity_value": null, "quantity_unit": null, "category": "tools", "price": 119.89, "old_price": null, "discount_pct": 0, "unit_price": null, "unit_price_base": null, "image_url": null, "validation_errors": [], "name": "Раrksidе Акумулаторен трион РКSА 20-L дължина на рязане до 23 см,"}, {"id": 660, "store": "Kaufland", "raw_name": "Лактофол Спрей за орхидеи", "clean_name": "Лактофол Спрей за орхидеи", "brand": "Лактофол", "description": "Спрей за орхидеи", "quantity_value": null, "quantity_unit": null, "category": "garden", "price": 2.99, "old_price": null, "discount_pct": 0, "unit_price": null, "unit_price_base": null, "image_url": null, "validation_errors": [], "name": "Лактофол Спрей за орхидеи"}, {"id": 661, "store": "Kaufland", "raw_name": "Торфена смес за разсади", "clean_name": "Торфена смес за разсади", "brand": "Торфена", "description": "смес за разсади", "quantity_value": null, "quantity_unit": null, "category": "garden", "price": 5.48, "old_price": null, "discount_pct": 0, "unit_price": null, "unit_price_base": null, "image_url": null, "validation_errors": [], "name": "Торфена смес за разсади"}, {"id": 662, "store": "Kaufland", "raw_name": "Торфена смес за орхидеи", "clean_name": "Торфена смес за орхидеи", "brand": "Торфена", "description": "смес за орхидеи", "quantity_value": null, "quantity_unit": null, "category": "garden", "price": 5.48, "old_price": null, "discount_pct": 0, "unit_price": null, "unit_price_base": null, "image_url": null, "validation_errors": [], "name": "Торфена смес за орхидеи"}, {"id": 663, "store": "Kaufland", "raw_name": "Наш двор Семена", "clean_name": "Наш двор Семена", "brand": "Наш двор", "description": "Семена", "quantity_value": null, "quantity_unit": null, "category": "garden", "price": 0.98, "old_price": null, "discount_pct": 0, "unit_price": null, "unit_price_base": null, "image_url": null, "validation_errors": [], "name": "Наш двор Семена"}, {"id": 664, "store": "Kaufland", "raw_name": "Лактофол Тор за орхидеи, азалии,\nрододендрони", "clean_name": "Лактофол Тор за орхидеи, азалии, рододендрони", "brand": "Лактофол", "description": "Тор за орхидеи, азалии, рододендрони", "quantity_value": null, "quantity_unit": null, "category": "garden", "price": 2.48, "old_price": null, "discount_pct": 0, "unit_price": null, "unit_price_base": null, "image_url": null, "validation_errors": [], "name": "Лактофол Тор за орхидеи, азалии, рододендрони"}, {"id": 665, "store": "Kaufland", "raw_name": "РАRКSIDЕ® Брадва\nили чук с дълга дръжка", "clean_name": "РАRКSIDЕ® Брадва или чук с дълга дръжка", "brand": "Parkside", "description": "® Брадва или чук с дълга дръжка", "quantity_value": null, "quantity_unit": null, "category": "tools", "price": 29.98, "old_price": null, "discount_pct": 0, "unit_price": null, "unit_price_base": null, "image_url": null, "validation_errors": [], "name": "РАRКSIDЕ® Брадва или чук с дълга дръжка"}, {"id": 666, "store": "Kaufland", "raw_name": "РАRКSIDЕ® Акумулаторен трион за клони\nс батерия 12 V", "clean_name": "РАRКSIDЕ® Акумулаторен трион за клони с батерия 12 V", "brand": "Parkside", "description": "® Акумулаторен трион за клони с батерия 12 V", "quantity_value": null, "quantity_unit": null, "category": "tools", "price": 67.98, "old_price": null, "discount_pct": 0, "unit_price": null, "unit_price_base": null, "image_url": null, "validation_errors": [], "name": "РАRКSIDЕ® Акумулаторен трион за клони с батерия 12 V"}, {"id": 667, "store": "Kaufland", "raw_name": "РАRКSIDЕ® Косачка робот\nСitу Smаrt РАМRС 250 А1", "clean_name": "РАRКSIDЕ® Косачка робот Сitу Smаrt РАМRС 250 А1", "brand": "Parkside", "description": "® Косачка робот Сitу Smаrt РАМRС 250 А1", "quantity_value": null, "quantity_unit": null, "category": "tools", "price": 499.89, "old_price": null, "discount_pct": 0, "unit_price": null, "unit_price_base": null, "image_url": null, "validation_errors": [], "name": "РАRКSIDЕ® Косачка робот Сitу Smаrt РАМRС 250 А1"}, {"id": 668, "store": "Kaufland", "raw_name": "РАRКSIDЕ® Палатка", "clean_name": "РАRКSIDЕ® Палатка", "brand": "Parkside", "description": "® Палатка", "quantity_value": null, "quantity_unit": null, "category": "tools", "price": 199.89, "old_price": null, "discount_pct": 0, "unit_price": null, "unit_price_base": null, "image_url": null, "validation_errors": [], "name": "РАRКSIDЕ® Палатка"}, {"id": 669, "store": "Kaufland", "raw_name": "РАRКSIDЕ® Бензинов верижен трион РВКS\n2 kW", "clean_name": "РАRКSIDЕ® Бензинов верижен трион РВКS 2 kW", "brand": "Parkside", "description": "® Бензинов верижен трион РВКS 2 kW", "quantity_value": null, "quantity_unit": null, "category": "tools", "price": 169.9, "old_price": null, "discount_pct": 0, "unit_price": null, "unit_price_base": null, "image_url": null, "validation_errors": [], "name": "РАRКSIDЕ® Бензинов верижен трион РВКS 2 kW"}, {"id": 670, "store": "Kaufland", "raw_name": "Раrksidе® Ножова дробилка РМН 2400 С3", "clean_name": "Раrksidе® Ножова дробилка РМН 2400 С3", "brand": "Parkside", "description": "® Ножова дробилка РМН 2400 С3", "quantity_value": null, "quantity_unit": null, "category": "tools", "price": 189.99, "old_price": null, "discount_pct": 0, "unit_price": null, "unit_price_base": null, "image_url": null, "validation_errors": [], "name": "Раrksidе® Ножова дробилка РМН 2400 С3"}, {"id": 671, "store": "Kaufland", "raw_name": "РАRКSIDЕ® Градинарска лопата\nразлични видове", "clean_name": "РАRКSIDЕ® Градинарска лопата", "brand": "Parkside", "description": "® Градинарска лопата", "quantity_value": null, "quantity_unit": null, "category": "tools", "price": 31.98, "old_price": null, "discount_pct": 0, "unit_price": null, "unit_price_base": null, "image_url": null, "validation_errors": [], "name": "РАRКSIDЕ® Градинарска лопата"}, {"id": 672, "store": "Kaufland", "raw_name": "РАRКSIDЕ® Стойка за цепене на дърва", "clean_name": "РАRКSIDЕ® Стойка за цепене на дърва", "brand": "Parkside", "description": "® Стойка за цепене на дърва", "quantity_value": null, "quantity_unit": null, "category": "tools", "price": 49.99, "old_price": null, "discount_pct": 0, "unit_price": null, "unit_price_base": null, "image_url": null, "validation_errors": [], "name": "РАRКSIDЕ® Стойка за цепене на дърва"}, {"id": 673, "store": "Kaufland", "raw_name": "Раrksidе® Градинарска ножица\nтелескопична", "clean_name": "Раrksidе® Градинарска ножица телескопична", "brand": "Parkside", "description": "® Градинарска ножица телескопична", "quantity_value": null, "quantity_unit": null, "category": "kitchenware", "price": 24.98, "old_price": null, "discount_pct": 0, "unit_price": null, "unit_price_base": null, "image_url": null, "validation_errors": [], "name": "Раrksidе® Градинарска ножица телескопична"}, {"id": 674, "store": "Kaufland", "raw_name": "FIRSТ Контакт грил FА-5343-4", "clean_name": "FIRSТ Контакт грил FА-5343-4", "brand": "First", "description": "Контакт грил FА-5343-4", "quantity_value": null, "quantity_unit": null, "category": "appliances", "price": 39.98, "old_price": null, "discount_pct": 0, "unit_price": null, "unit_price_base": null, "image_url": null, "validation_errors": [], "name": "FIRSТ Контакт грил FА-5343-4"}, {"id": 675, "store": "Kaufland", "raw_name": "НОМЕ РRАСТIС Уред за вакуумиране", "clean_name": "НОМЕ РRАСТIС Уред за вакуумиране", "brand": "Home", "description": "РRАСТIС Уред за вакуумиране", "quantity_value": null, "quantity_unit": null, "category": "appliances", "price": 19.99, "old_price": null, "discount_pct": 0, "unit_price": null, "unit_price_base": null, "image_url": null, "validation_errors": [], "name": "НОМЕ РRАСТIС Уред за вакуумиране"}, {"id": 676, "store": "Kaufland", "raw_name": "МUНLЕR Електрическа скара\nсъс стъклен капак", "clean_name": "МUНLЕR Електрическа скара със стъклен капак", "brand": "Muhler", "description": "Електрическа скара със стъклен капак", "quantity_value": null, "quantity_unit": null, "category": "kitchenware", "price": 69.98, "old_price": null, "discount_pct": 0, "unit_price": null, "unit_price_base": null, "image_url": null, "validation_errors": [], "name": "МUНLЕR Електрическа скара със стъклен капак"}, {"id": 677, "store": "Kaufland", "raw_name": "Finluх Фритюрник FDF-2518ВS", "clean_name": "Finluх Фритюрник FDF-2518ВS", "brand": "Finlux", "description": "Фритюрник FDF-2518ВS", "quantity_value": null, "quantity_unit": null, "category": "appliances", "price": 59.99, "old_price": null, "discount_pct": 0, "unit_price": null, "unit_price_base": null, "image_url": null, "validation_errors": [], "name": "Finluх Фритюрник FDF-2518ВS"}, {"id": 678, "store": "Kaufland", "raw_name": "Теrmоmах Електрическа фурна ВR1010", "clean_name": "Теrmоmах Електрическа фурна ВR1010", "brand": "Termomax", "description": "Електрическа фурна ВR1010", "quantity_value": null, "quantity_unit": null, "category": "clothing", "price": 44.98, "old_price": null, "discount_pct": 0, "unit_price": null, "unit_price_base": null, "image_url": null, "validation_errors": [], "name": "Теrmоmах Електрическа фурна ВR1010"}, {"id": 679, "store": "Kaufland", "raw_name": "Аусо Сандвич тостер", "clean_name": "Аусо Сандвич тостер", "brand": "Ayco", "description": "Сандвич тостер", "quantity_value": null, "quantity_unit": null, "category": "appliances", "price": 15.98, "old_price": null, "discount_pct": 0, "unit_price": null, "unit_price_base": null, "image_url": null, "validation_errors": [], "name": "Аусо Сандвич тостер"}, {"id": 680, "store": "Kaufland", "raw_name": "ВRАVISSIМО Еспресо машина 3в1", "clean_name": "ВRАVISSIМО Еспресо машина 3в1", "brand": "BRAVISSIMO", "description": "Еспресо машина 3в1", "quantity_value": null, "quantity_unit": null, "category": "coffee", "price": 109.9, "old_price": null, "discount_pct": 0, "unit_price": null, "unit_price_base": null, "image_url": null, "validation_errors": [], "name": "ВRАVISSIМО Еспресо машина 3в1"}, {"id": 681, "store": "Kaufland", "raw_name": "SАМSUNG Микровълнова фурна\nМS20А3010", "clean_name": "SАМSUNG Микровълнова фурна МS20А3010", "brand": "Samsung", "description": "Микровълнова фурна МS20А3010", "quantity_value": null, "quantity_unit": null, "category": "appliances", "price": 139.9, "old_price": null, "discount_pct": 0, "unit_price": null, "unit_price_base": null, "image_url": null, "validation_errors": [], "name": "SАМSUNG Микровълнова фурна МS20А3010"}, {"id": 682, "store": "Kaufland", "raw_name": "NЕО Пасатор НВ-250", "clean_name": "NЕО Пасатор НВ-250", "brand": "Neo", "description": "Пасатор НВ-250", "quantity_value": null, "quantity_unit": null, "category": "garden", "price": 11.99, "old_price": null, "discount_pct": 0, "unit_price": null, "unit_price_base": null, "image_url": null, "validation_errors": [], "name": "NЕО Пасатор НВ-250"}, {"id": 683, "store": "Kaufland", "raw_name": "ВRАVISSIМО Мултикукър ВМС533", "clean_name": "ВRАVISSIМО Мултикукър ВМС533", "brand": "BRAVISSIMO", "description": "Мултикукър ВМС533", "quantity_value": null, "quantity_unit": null, "category": "appliances", "price": 79.88, "old_price": null, "discount_pct": 0, "unit_price": null, "unit_price_base": null, "image_url": null, "validation_errors": [], "name": "ВRАVISSIМО Мултикукър ВМС533"}, {"id": 684, "store": "Kaufland", "raw_name": "Сrоwn Индукционен котлон\nСVIС -2002", "clean_name": "Сrоwn Индукционен котлон СVIС -2002", "brand": "CROWN", "description": "Индукционен котлон СVIС -2002", "quantity_value": null, "quantity_unit": null, "category": "appliances", "price": 34.99, "old_price": null, "discount_pct": 0, "unit_price": null, "unit_price_base": null, "image_url": null, "validation_errors": [], "name": "Сrоwn Индукционен котлон СVIС -2002"}, {"id": 685, "store": "Kaufland", "raw_name": "Теfаl Фритюрник с горещ въздух\nЕY1308", "clean_name": "Теfаl Фритюрник с горещ въздух ЕY1308", "brand": "Tefal", "description": "Фритюрник с горещ въздух ЕY1308", "quantity_value": null, "quantity_unit": null, "category": "appliances", "price": 99.98, "old_price": null, "discount_pct": 0, "unit_price": null, "unit_price_base": null, "image_url": null, "validation_errors": [], "name": "Теfаl Фритюрник с горещ въздух ЕY1308"}, {"id": 686, "store": "Kaufland", "raw_name": "СRОWN Керамичен плот за вграждане", "clean_name": "СRОWN Керамичен плот за вграждане", "brand": "CROWN", "description": "Керамичен плот за вграждане", "quantity_value": null, "quantity_unit": null, "category": "appliances", "price": 109.9, "old_price": null, "discount_pct": 0, "unit_price": null, "unit_price_base": null, "image_url": null, "validation_errors": [], "name": "СRОWN Керамичен плот за вграждане"}, {"id": 687, "store": "Kaufland", "raw_name": "ЕСОМЕD Шиацу масажор NМ-30Е", "clean_name": "ЕСОМЕD Шиацу масажор NМ-30Е", "brand": "Ecomed", "description": "Шиацу масажор NМ-30Е", "quantity_value": null, "quantity_unit": null, "category": "personal_care", "price": 51.99, "old_price": null, "discount_pct": 0, "unit_price": null, "unit_price_base": null, "image_url": null, "validation_errors": [], "name": "ЕСОМЕD Шиацу масажор NМ-30Е"}, {"id": 688, "store": "Kaufland", "raw_name": "Веurеr Апарат за кръвно налягане", "clean_name": "Веurеr Апарат за кръвно налягане", "brand": "Beurer", "description": "Апарат за кръвно налягане", "quantity_value": null, "quantity_unit": null, "category": "health", "price": 39.98, "old_price": null, "discount_pct": 0, "unit_price": null, "unit_price_base": null, "image_url": null, "validation_errors": [], "name": "Веurеr Апарат за кръвно налягане"}, {"id": 689, "store": "Kaufland", "raw_name": "РНILIРS Епилатор ВRЕ228/00", "clean_name": "РНILIРS Епилатор ВRЕ228/00", "brand": "Philips", "description": "Епилатор ВRЕ228/00", "quantity_value": null, "quantity_unit": null, "category": "garden", "price": 47.98, "old_price": null, "discount_pct": 0, "unit_price": null, "unit_price_base": null, "image_url": null, "validation_errors": [], "name": "РНILIРS Епилатор ВRЕ228/00"}, {"id": 690, "store": "Kaufland", "raw_name": "Рhiliрs Оnе Вlаdе Самобръсначка QР1424/20", "clean_name": "Рhiliрs Оnе Вlаdе Самобръсначка QР1424/20", "brand": "Philips", "description": "Оnе Вlаdе Самобръсначка QР1424/20", "quantity_value": null, "quantity_unit": null, "category": "personal_care", "price": 34.99, "old_price": null, "discount_pct": 0, "unit_price": null, "unit_price_base": null, "image_url": null, "validation_errors": [], "name": "Рhiliрs Оnе Вlаdе Самобръсначка QР1424/20"}, {"id": 691, "store": "Kaufland", "raw_name": "ХIАОМI Сешоар Н101 ЕU ВНR7474ЕU", "clean_name": "ХIАОМI Сешоар Н101 ЕU ВНR7474ЕU", "brand": "Xiaomi", "description": "Сешоар Н101 ЕU ВНR7474ЕU", "quantity_value": null, "quantity_unit": null, "category": "appliances", "price": 37.98, "old_price": null, "discount_pct": 0, "unit_price": null, "unit_price_base": null, "image_url": null, "validation_errors": [], "name": "ХIАОМI Сешоар Н101 ЕU ВНR7474ЕU"}, {"id": 692, "store": "Kaufland", "raw_name": "RОWЕNТА Парочистачка RY6555WН", "clean_name": "RОWЕNТА Парочистачка RY6555WН", "brand": "Rowenta", "description": "Парочистачка RY6555WН", "quantity_value": null, "quantity_unit": null, "category": "appliances", "price": 129.89, "old_price": null, "discount_pct": 0, "unit_price": null, "unit_price_base": null, "image_url": null, "validation_errors": [], "name": "RОWЕNТА Парочистачка RY6555WН"}, {"id": 693, "store": "Kaufland", "raw_name": "РНILIРS Парогенератор НI5920/20", "clean_name": "РНILIРS Парогенератор НI5920/20", "brand": "Philips", "description": "Парогенератор НI5920/20", "quantity_value": null, "quantity_unit": null, "category": "appliances", "price": 139.9, "old_price": null, "discount_pct": 0, "unit_price": null, "unit_price_base": null, "image_url": null, "validation_errors": [], "name": "РНILIРS Парогенератор НI5920/20"}, {"id": 694, "store": "Kaufland", "raw_name": "Теfаl Ютия FV1710", "clean_name": "Теfаl Ютия FV1710", "brand": "Tefal", "description": "Ютия FV1710", "quantity_value": null, "quantity_unit": null, "category": "appliances", "price": 34.99, "old_price": null, "discount_pct": 0, "unit_price": null, "unit_price_base": null, "image_url": null, "validation_errors": [], "name": "Теfаl Ютия FV1710"}, {"id": 695, "store": "Kaufland", "raw_name": "LIV&ВО Кошче\n3 л", "clean_name": "LIV&ВО Кошче 3 л", "brand": "LIV", "description": "&ВО Кошче 3 л", "quantity_value": 3.0, "quantity_unit": "L", "category": "household", "price": 12.99, "old_price": null, "discount_pct": 0, "unit_price": 4.33, "unit_price_base": "L", "image_url": null, "validation_errors": [], "name": "LIV&ВО Кошче 3 л"}, {"id": 696, "store": "Kaufland", "raw_name": "LIV&ВО Ръчен душ", "clean_name": "LIV&ВО Ръчен душ", "brand": "LIV", "description": "&ВО Ръчен душ", "quantity_value": null, "quantity_unit": null, "category": "bathroom", "price": 6.98, "old_price": null, "discount_pct": 0, "unit_price": null, "unit_price_base": null, "image_url": null, "validation_errors": [], "name": "LIV&ВО Ръчен душ"}, {"id": 697, "store": "Kaufland", "raw_name": "Liv&Во Перо за подсушаване на баня\nразлични цветове", "clean_name": "Liv&Во Перо за подсушаване на баня", "brand": "LIV", "description": "&Во Перо за подсушаване на баня", "quantity_value": null, "quantity_unit": null, "category": "bathroom", "price": 1.99, "old_price": null, "discount_pct": 0, "unit_price": null, "unit_price_base": null, "image_url": null, "validation_errors": [], "name": "Liv&Во Перо за подсушаване на баня"}, {"id": 698, "store": "Kaufland", "raw_name": "К-СLАSSIС Комплект за тоалетна", "clean_name": "К-СLАSSIС Комплект за тоалетна", "brand": "K-Classic", "description": "Комплект за тоалетна", "quantity_value": null, "quantity_unit": null, "category": "bathroom", "price": 2.99, "old_price": null, "discount_pct": 0, "unit_price": null, "unit_price_base": null, "image_url": null, "validation_errors": [], "name": "К-СLАSSIС Комплект за тоалетна"}, {"id": 699, "store": "Kaufland", "raw_name": "LIV&ВО Комплект кошници\n2 бр.", "clean_name": "LIV&ВО Комплект кошници 2 бр.", "brand": "LIV", "description": "&ВО Комплект кошници 2 бр.", "quantity_value": 2.0, "quantity_unit": "pcs", "category": "storage", "price": 3.99, "old_price": null, "discount_pct": 0, "unit_price": null, "unit_price_base": null, "image_url": null, "validation_errors": [], "name": "LIV&ВО Комплект кошници 2 бр."}, {"id": 700, "store": "Kaufland", "raw_name": "Liv&Во Електрически дозатор\nза сапун", "clean_name": "Liv&Во Електрически дозатор за сапун", "brand": "LIV", "description": "&Во Електрически дозатор за сапун", "quantity_value": null, "quantity_unit": null, "category": "personal_care", "price": 15.98, "old_price": null, "discount_pct": 0, "unit_price": null, "unit_price_base": null, "image_url": null, "validation_errors": [], "name": "Liv&Во Електрически дозатор за сапун"}, {"id": 701, "store": "Kaufland", "raw_name": "Саsа si Седалка за тоалетна чиния", "clean_name": "Саsа si Седалка за тоалетна чиния", "brand": "Casa", "description": "si Седалка за тоалетна чиния", "quantity_value": null, "quantity_unit": null, "category": "kitchenware", "price": 24.98, "old_price": null, "discount_pct": 0, "unit_price": null, "unit_price_base": null, "image_url": null, "validation_errors": [], "name": "Саsа si Седалка за тоалетна чиния"}, {"id": 702, "store": "Kaufland", "raw_name": "Liv&Во Етажерка на колелца", "clean_name": "Liv&Во Етажерка на колелца", "brand": "LIV", "description": "&Во Етажерка на колелца", "quantity_value": null, "quantity_unit": null, "category": "storage", "price": 19.99, "old_price": null, "discount_pct": 0, "unit_price": null, "unit_price_base": null, "image_url": null, "validation_errors": [], "name": "Liv&Во Етажерка на колелца"}, {"id": 703, "store": "Kaufland", "raw_name": "LIV&ВО Кутии за съхранение\nразлични видове", "clean_name": "LIV&ВО Кутии за съхранение", "brand": "LIV", "description": "&ВО Кутии за съхранение", "quantity_value": null, "quantity_unit": null, "category": "storage", "price": 6.98, "old_price": null, "discount_pct": 0, "unit_price": null, "unit_price_base": null, "image_url": null, "validation_errors": [], "name": "LIV&ВО Кутии за съхранение"}, {"id": 704, "store": "Kaufland", "raw_name": "Подложка за обувки 45 х 30 см", "clean_name": "Подложка за обувки 45 х 30 см", "brand": null, "description": "Подложка за обувки 45 х 30 см", "quantity_value": null, "quantity_unit": null, "category": "clothing", "price": 1.99, "old_price": null, "discount_pct": 0, "unit_price": null, "unit_price_base": null, "image_url": null, "validation_errors": [], "name": "Подложка за обувки 45 х 30 см"}, {"id": 705, "store": "Kaufland", "raw_name": "К-Сlаssiс Количка за пазаруване\nс хладилна чанта", "clean_name": "К-Сlаssiс Количка за пазаруване с хладилна чанта", "brand": "K-Classic", "description": "Количка за пазаруване с хладилна чанта", "quantity_value": null, "quantity_unit": null, "category": "household", "price": 44.98, "old_price": null, "discount_pct": 0, "unit_price": null, "unit_price_base": null, "image_url": null, "validation_errors": [], "name": "К-Сlаssiс Количка за пазаруване с хладилна чанта"}, {"id": 706, "store": "Kaufland", "raw_name": "К-Сlаssiс Спрей моп", "clean_name": "К-Сlаssiс Спрей моп", "brand": "K-Classic", "description": "Спрей моп", "quantity_value": null, "quantity_unit": null, "category": "bathroom", "price": 13.98, "old_price": null, "discount_pct": 0, "unit_price": null, "unit_price_base": null, "image_url": null, "validation_errors": [], "name": "К-Сlаssiс Спрей моп"}, {"id": 707, "store": "Kaufland", "raw_name": "К-Сlаssiс Комплект резерви\nразлични видове", "clean_name": "К-Сlаssiс Комплект резерви", "brand": "K-Classic", "description": "Комплект резерви", "quantity_value": null, "quantity_unit": null, "category": "other", "price": 2.48, "old_price": null, "discount_pct": 0, "unit_price": null, "unit_price_base": null, "image_url": null, "validation_errors": [], "name": "К-Сlаssiс Комплект резерви"}, {"id": 708, "store": "Kaufland", "raw_name": "LIV&ВО Душ комплект", "clean_name": "LIV&ВО Душ комплект", "brand": "LIV", "description": "&ВО Душ комплект", "quantity_value": null, "quantity_unit": null, "category": "bathroom", "price": 79.99, "old_price": null, "discount_pct": 0, "unit_price": null, "unit_price_base": null, "image_url": null, "validation_errors": [], "name": "LIV&ВО Душ комплект"}, {"id": 709, "store": "Kaufland", "raw_name": "LUМINАRС Чиния за пица Саrinе\nØ32 см", "clean_name": "LUМINАRС Чиния за пица Саrinе Ø32 см", "brand": "Luminarc", "description": "Чиния за пица Саrinе Ø32 см", "quantity_value": null, "quantity_unit": null, "category": "frozen", "price": 4.99, "old_price": null, "discount_pct": 0, "unit_price": null, "unit_price_base": null, "image_url": null, "validation_errors": [], "name": "LUМINАRС Чиния за пица Саrinе Ø32 см"}, {"id": 710, "store": "Kaufland", "raw_name": "LUМINАRС Десертна чиния Наrеnа\nØ19 см", "clean_name": "LUМINАRС Десертна чиния Наrеnа Ø19 см", "brand": "Luminarc", "description": "Десертна чиния Наrеnа Ø19 см", "quantity_value": null, "quantity_unit": null, "category": "snacks", "price": 2.19, "old_price": null, "discount_pct": 0, "unit_price": null, "unit_price_base": null, "image_url": null, "validation_errors": [], "name": "LUМINАRС Десертна чиния Наrеnа Ø19 см"}, {"id": 711, "store": "Kaufland", "raw_name": "LUМINАRС Купа за салата Наrеnа\nØ27 см", "clean_name": "LUМINАRС Купа за салата Наrеnа Ø27 см", "brand": "САЛАТА", "description": "LUМINАRС Купа за  Наrеnа Ø27 см", "quantity_value": null, "quantity_unit": null, "category": "produce", "price": 7.49, "old_price": null, "discount_pct": 0, "unit_price": null, "unit_price_base": null, "image_url": null, "validation_errors": [], "name": "LUМINАRС Купа за салата Наrеnа Ø27 см"}, {"id": 712, "store": "Kaufland", "raw_name": "LUМINАRС Чиния Наrеnа Ø23 см\nили Купа Наrеnа Ø16 см", "clean_name": "LUМINАRС Чиния Наrеnа Ø23 см или Купа Наrеnа Ø16 см", "brand": "Luminarc", "description": "Чиния Наrеnа Ø23 см или Купа Наrеnа Ø16 см", "quantity_value": null, "quantity_unit": null, "category": "kitchenware", "price": 2.39, "old_price": null, "discount_pct": 0, "unit_price": null, "unit_price_base": null, "image_url": null, "validation_errors": [], "name": "LUМINАRС Чиния Наrеnа Ø23 см или Купа Наrеnа Ø16 см"}, {"id": 713, "store": "Kaufland", "raw_name": "ВRIО Касерола Rеd Ноt или\nТиган за палачинки Rеd Ноt", "clean_name": "ВRIО Касерола Rеd Ноt или Тиган за палачинки Rеd Ноt", "brand": "BRIO", "description": "Касерола Rеd Ноt или Тиган за палачинки Rеd Ноt", "quantity_value": null, "quantity_unit": null, "category": "kitchenware", "price": 13.98, "old_price": null, "discount_pct": 0, "unit_price": null, "unit_price_base": null, "image_url": null, "validation_errors": [], "name": "ВRIО Касерола Rеd Ноt или Тиган за палачинки Rеd Ноt"}, {"id": 714, "store": "Kaufland", "raw_name": "ВRIО Тиган Rеd Ноt", "clean_name": "ВRIО Тиган Rеd Ноt", "brand": "BRIO", "description": "Тиган Rеd Ноt", "quantity_value": null, "quantity_unit": null, "category": "kitchenware", "price": 16.98, "old_price": null, "discount_pct": 0, "unit_price": null, "unit_price_base": null, "image_url": null, "validation_errors": [], "name": "ВRIО Тиган Rеd Ноt"}, {"id": 715, "store": "Kaufland", "raw_name": "ВRIО Тава Rеd Ноt\n32 х 7 см", "clean_name": "ВRIО Тава Rеd Ноt 32 х 7 см", "brand": "BRIO", "description": "Тава Rеd Ноt 32 х 7 см", "quantity_value": null, "quantity_unit": null, "category": "kitchenware", "price": 16.98, "old_price": null, "discount_pct": 0, "unit_price": null, "unit_price_base": null, "image_url": null, "validation_errors": [], "name": "ВRIО Тава Rеd Ноt 32 х 7 см"}, {"id": 716, "store": "Kaufland", "raw_name": "ВRIО Тиган Rеd Ноt\nØ22 см", "clean_name": "ВRIО Тиган Rеd Ноt Ø22 см", "brand": "BRIO", "description": "Тиган Rеd Ноt Ø22 см", "quantity_value": null, "quantity_unit": null, "category": "kitchenware", "price": 13.48, "old_price": null, "discount_pct": 0, "unit_price": null, "unit_price_base": null, "image_url": null, "validation_errors": [], "name": "ВRIО Тиган Rеd Ноt Ø22 см"}, {"id": 717, "store": "Kaufland", "raw_name": "ВRIО Тиган Rеd Ноt\nØ24 см", "clean_name": "ВRIО Тиган Rеd Ноt Ø24 см", "brand": "BRIO", "description": "Тиган Rеd Ноt Ø24 см", "quantity_value": null, "quantity_unit": null, "category": "kitchenware", "price": 14.98, "old_price": null, "discount_pct": 0, "unit_price": null, "unit_price_base": null, "image_url": null, "validation_errors": [], "name": "ВRIО Тиган Rеd Ноt Ø24 см"}, {"id": 718, "store": "Kaufland", "raw_name": "ВRIОВRIО Уок Тиган Rеd Ноt", "clean_name": "ВRIОВRIО Уок Тиган Rеd Ноt", "brand": "Red", "description": "ВRIОВRIО Уок Тиган  Ноt", "quantity_value": null, "quantity_unit": null, "category": "kitchenware", "price": 21.98, "old_price": null, "discount_pct": 0, "unit_price": null, "unit_price_base": null, "image_url": null, "validation_errors": [], "name": "ВRIОВRIО Уок Тиган Rеd Ноt"}, {"id": 719, "store": "Kaufland", "raw_name": "ВRIО Тенджера Rеd Ноt", "clean_name": "ВRIО Тенджера Rеd Ноt", "brand": "BRIO", "description": "Тенджера Rеd Ноt", "quantity_value": null, "quantity_unit": null, "category": "kitchenware", "price": 19.48, "old_price": null, "discount_pct": 0, "unit_price": null, "unit_price_base": null, "image_url": null, "validation_errors": [], "name": "ВRIО Тенджера Rеd Ноt"}, {"id": 720, "store": "Kaufland", "raw_name": "ВRIО Тенджера Rеd Ноt\nØ22 х 9 см", "clean_name": "ВRIО Тенджера Rеd Ноt Ø22 х 9 см", "brand": "BRIO", "description": "Тенджера Rеd Ноt Ø22 х 9 см", "quantity_value": null, "quantity_unit": null, "category": "kitchenware", "price": 21.98, "old_price": null, "discount_pct": 0, "unit_price": null, "unit_price_base": null, "image_url": null, "validation_errors": [], "name": "ВRIО Тенджера Rеd Ноt Ø22 х 9 см"}, {"id": 721, "store": "Kaufland", "raw_name": "ВRIО Тенджера Rеd Ноt\n4 л, Ø24 х 10,5 см", "clean_name": "ВRIО Тенджера Rеd Ноt 4 л, Ø24 х 10,5 см", "brand": "BRIO", "description": "Тенджера Rеd Ноt 4 л, Ø24 х 10,5 см", "quantity_value": 4.0, "quantity_unit": "L", "category": "kitchenware", "price": 24.98, "old_price": null, "discount_pct": 0, "unit_price": 6.25, "unit_price_base": "L", "image_url": null, "validation_errors": [], "name": "ВRIО Тенджера Rеd Ноt 4 л, Ø24 х 10,5 см"}, {"id": 722, "store": "Kaufland", "raw_name": "ВRIО Тава Rеd Ноt\n35,5 х 24,8 х 6,2 см", "clean_name": "ВRIО Тава Rеd Ноt 35,5 х 24,8 х 6,2 см", "brand": "BRIO", "description": "Тава Rеd Ноt 35,5 х 24,8 х 6,2 см", "quantity_value": null, "quantity_unit": null, "category": "kitchenware", "price": 19.99, "old_price": null, "discount_pct": 0, "unit_price": null, "unit_price_base": null, "image_url": null, "validation_errors": [], "name": "ВRIО Тава Rеd Ноt 35,5 х 24,8 х 6,2 см"}, {"id": 723, "store": "Kaufland", "raw_name": "ТОР РОТ Форма за кекс\nразлични размери", "clean_name": "ТОР РОТ Форма за кекс", "brand": "TOP", "description": "РОТ Форма за кекс", "quantity_value": null, "quantity_unit": null, "category": "kitchenware", "price": 6.98, "old_price": null, "discount_pct": 0, "unit_price": null, "unit_price_base": null, "image_url": null, "validation_errors": [], "name": "ТОР РОТ Форма за кекс"}, {"id": 724, "store": "Kaufland", "raw_name": "ТОР РОТ Форма за торта\nØ26 см", "clean_name": "ТОР РОТ Форма за торта Ø26 см", "brand": "TOP", "description": "РОТ Форма за торта Ø26 см", "quantity_value": null, "quantity_unit": null, "category": "snacks", "price": 9.49, "old_price": null, "discount_pct": 0, "unit_price": null, "unit_price_base": null, "image_url": null, "validation_errors": [], "name": "ТОР РОТ Форма за торта Ø26 см"}, {"id": 725, "store": "Kaufland", "raw_name": "ТОР РОТ Тава за печене\n28 х 22 х 5,4 см", "clean_name": "ТОР РОТ Тава за печене 28 х 22 х 5,4 см", "brand": "TOP", "description": "РОТ Тава за печене 28 х 22 х 5,4 см", "quantity_value": null, "quantity_unit": null, "category": "kitchenware", "price": 4.99, "old_price": null, "discount_pct": 0, "unit_price": null, "unit_price_base": null, "image_url": null, "validation_errors": [], "name": "ТОР РОТ Тава за печене 28 х 22 х 5,4 см"}, {"id": 726, "store": "Kaufland", "raw_name": "ТОР РОТ Форма за хляб\n25,7 х 12 х 5,6 см", "clean_name": "ТОР РОТ Форма за хляб 25,7 х 12 х 5,6 см", "brand": "TOP", "description": "РОТ Форма за хляб 25,7 х 12 х 5,6 см", "quantity_value": null, "quantity_unit": null, "category": "bakery", "price": 3.48, "old_price": null, "discount_pct": 0, "unit_price": null, "unit_price_base": null, "image_url": null, "validation_errors": [], "name": "ТОР РОТ Форма за хляб 25,7 х 12 х 5,6 см"}, {"id": 727, "store": "Kaufland", "raw_name": "ТОР РОТ Форма за печене\nразлични видове", "clean_name": "ТОР РОТ Форма за печене", "brand": "TOP", "description": "РОТ Форма за печене", "quantity_value": null, "quantity_unit": null, "category": "kitchenware", "price": 6.49, "old_price": null, "discount_pct": 0, "unit_price": null, "unit_price_base": null, "image_url": null, "validation_errors": [], "name": "ТОР РОТ Форма за печене"}, {"id": 728, "store": "Kaufland", "raw_name": "DILIОS Спален комплект\n3 части", "clean_name": "DILIОS Спален комплект 3 части", "brand": "DILIOS", "description": "Спален комплект 3 части", "quantity_value": null, "quantity_unit": null, "category": "home_textiles", "price": 39.98, "old_price": null, "discount_pct": 0, "unit_price": null, "unit_price_base": null, "image_url": null, "validation_errors": [], "name": "DILIОS Спален комплект 3 части"}, {"id": 729, "store": "Kaufland", "raw_name": "DILIОS Спален комплект\n4 части", "clean_name": "DILIОS Спален комплект 4 части", "brand": "DILIOS", "description": "Спален комплект 4 части", "quantity_value": null, "quantity_unit": null, "category": "home_textiles", "price": 54.88, "old_price": null, "discount_pct": 0, "unit_price": null, "unit_price_base": null, "image_url": null, "validation_errors": [], "name": "DILIОS Спален комплект 4 части"}, {"id": 730, "store": "Kaufland", "raw_name": "DILIОS Спален комплект\n5 части", "clean_name": "DILIОS Спален комплект 5 части", "brand": "DILIOS", "description": "Спален комплект 5 части", "quantity_value": null, "quantity_unit": null, "category": "home_textiles", "price": 69.88, "old_price": null, "discount_pct": 0, "unit_price": null, "unit_price_base": null, "image_url": null, "validation_errors": [], "name": "DILIОS Спален комплект 5 части"}, {"id": 731, "store": "Kaufland", "raw_name": "DILIОS Одеяло Онтарио\n140 х 200 см", "clean_name": "DILIОS Одеяло Онтарио 140 х 200 см", "brand": "DILIOS", "description": "Одеяло Онтарио 140 х 200 см", "quantity_value": null, "quantity_unit": null, "category": "home_textiles", "price": 24.98, "old_price": null, "discount_pct": 0, "unit_price": null, "unit_price_base": null, "image_url": null, "validation_errors": [], "name": "DILIОS Одеяло Онтарио 140 х 200 см"}, {"id": 732, "store": "Kaufland", "raw_name": "РАRКSIDЕ® Принадлежности\nза рязане или полиране", "clean_name": "РАRКSIDЕ® Принадлежности за рязане или полиране", "brand": "Parkside", "description": "® Принадлежности за рязане или полиране", "quantity_value": null, "quantity_unit": null, "category": "tools", "price": 2.48, "old_price": null, "discount_pct": 0, "unit_price": null, "unit_price_base": null, "image_url": null, "validation_errors": [], "name": "РАRКSIDЕ® Принадлежности за рязане или полиране"}, {"id": 733, "store": "Kaufland", "raw_name": "Раrksidе® Уплътнители\nразлични видове", "clean_name": "Раrksidе® Уплътнители", "brand": "Parkside", "description": "® Уплътнители", "quantity_value": null, "quantity_unit": null, "category": "tools", "price": 9.99, "old_price": null, "discount_pct": 0, "unit_price": null, "unit_price_base": null, "image_url": null, "validation_errors": [], "name": "Раrksidе® Уплътнители"}, {"id": 734, "store": "Kaufland", "raw_name": "Раrksidе® Комплект Направи си сам\nразлични видове", "clean_name": "Раrksidе® Комплект Направи си сам", "brand": "Parkside", "description": "® Комплект Направи си сам", "quantity_value": null, "quantity_unit": null, "category": "tools", "price": 3.99, "old_price": null, "discount_pct": 0, "unit_price": null, "unit_price_base": null, "image_url": null, "validation_errors": [], "name": "Раrksidе® Комплект Направи си сам"}, {"id": 735, "store": "Kaufland", "raw_name": "РАRКSIDЕ® Маркер за дълбоки отвори", "clean_name": "РАRКSIDЕ® Маркер за дълбоки отвори", "brand": "Parkside", "description": "® Маркер за дълбоки отвори", "quantity_value": null, "quantity_unit": null, "category": "tools", "price": 6.98, "old_price": null, "discount_pct": 0, "unit_price": null, "unit_price_base": null, "image_url": null, "validation_errors": [], "name": "РАRКSIDЕ® Маркер за дълбоки отвори"}, {"id": 736, "store": "Kaufland", "raw_name": "РАRКSIDЕ® Универсално въже\n30 м", "clean_name": "РАRКSIDЕ® Универсално въже 30 м", "brand": "Parkside", "description": "® Универсално въже 30 м", "quantity_value": null, "quantity_unit": null, "category": "tools", "price": 6.98, "old_price": null, "discount_pct": 0, "unit_price": null, "unit_price_base": null, "image_url": null, "validation_errors": [], "name": "РАRКSIDЕ® Универсално въже 30 м"}, {"id": 737, "store": "Kaufland", "raw_name": "Раrksidе® Винтове или дюбели\nразлични видове", "clean_name": "Раrksidе® Винтове или дюбели", "brand": "Parkside", "description": "® Винтове или дюбели", "quantity_value": null, "quantity_unit": null, "category": "tools", "price": 9.99, "old_price": null, "discount_pct": 0, "unit_price": null, "unit_price_base": null, "image_url": null, "validation_errors": [], "name": "Раrksidе® Винтове или дюбели"}, {"id": 738, "store": "Kaufland", "raw_name": "РАRКSIDЕ® Пистолет за горещ въздух\nРНLGВ 2000", "clean_name": "РАRКSIDЕ® Пистолет за горещ въздух РНLGВ 2000", "brand": "Parkside", "description": "® Пистолет за горещ въздух РНLGВ 2000", "quantity_value": null, "quantity_unit": null, "category": "tools", "price": 19.99, "old_price": null, "discount_pct": 0, "unit_price": null, "unit_price_base": null, "image_url": null, "validation_errors": [], "name": "РАRКSIDЕ® Пистолет за горещ въздух РНLGВ 2000"}, {"id": 739, "store": "Kaufland", "raw_name": "РАRКSIDЕ® Стелаж", "clean_name": "РАRКSIDЕ® Стелаж", "brand": "Parkside", "description": "® Стелаж", "quantity_value": null, "quantity_unit": null, "category": "tools", "price": 79.99, "old_price": null, "discount_pct": 0, "unit_price": null, "unit_price_base": null, "image_url": null, "validation_errors": [], "name": "РАRКSIDЕ® Стелаж"}, {"id": 740, "store": "Kaufland", "raw_name": "РАRКSIDЕ® Комплект триони\n3 части", "clean_name": "РАRКSIDЕ® Комплект триони 3 части", "brand": "Parkside", "description": "® Комплект триони 3 части", "quantity_value": null, "quantity_unit": null, "category": "tools", "price": 15.98, "old_price": null, "discount_pct": 0, "unit_price": null, "unit_price_base": null, "image_url": null, "validation_errors": [], "name": "РАRКSIDЕ® Комплект триони 3 части"}, {"id": 741, "store": "Kaufland", "raw_name": "Раrksidе® Комплект битове\nразлични видове", "clean_name": "Раrksidе® Комплект битове", "brand": "Parkside", "description": "® Комплект битове", "quantity_value": null, "quantity_unit": null, "category": "tools", "price": 4.99, "old_price": null, "discount_pct": 0, "unit_price": null, "unit_price_base": null, "image_url": null, "validation_errors": [], "name": "Раrksidе® Комплект битове"}, {"id": 742, "store": "Kaufland", "raw_name": "Раrksidе® Комплект четки\nразлични видове", "clean_name": "Раrksidе® Комплект четки", "brand": "Parkside", "description": "® Комплект четки", "quantity_value": null, "quantity_unit": null, "category": "tools", "price": 2.99, "old_price": null, "discount_pct": 0, "unit_price": null, "unit_price_base": null, "image_url": null, "validation_errors": [], "name": "Раrksidе® Комплект четки"}, {"id": 743, "store": "Kaufland", "raw_name": "Раrksidе® Комплект отвертки\n37 части", "clean_name": "Раrksidе® Комплект отвертки 37 части", "brand": "Parkside", "description": "® Комплект отвертки 37 части", "quantity_value": null, "quantity_unit": null, "category": "tools", "price": 19.99, "old_price": null, "discount_pct": 0, "unit_price": null, "unit_price_base": null, "image_url": null, "validation_errors": [], "name": "Раrksidе® Комплект отвертки 37 части"}, {"id": 744, "store": "Kaufland", "raw_name": "Раrksidе® Сет клещи за фина механика\n4 бр.", "clean_name": "Раrksidе® Сет клещи за фина механика 4 бр.", "brand": "Parkside", "description": "® Сет клещи за фина механика 4 бр.", "quantity_value": 4.0, "quantity_unit": "pcs", "category": "tools", "price": 9.99, "old_price": null, "discount_pct": 0, "unit_price": null, "unit_price_base": null, "image_url": null, "validation_errors": [], "name": "Раrksidе® Сет клещи за фина механика 4 бр."}, {"id": 745, "store": "Kaufland", "raw_name": "Раrksidе® Комплект Замба\n358 части", "clean_name": "Раrksidе® Комплект Замба 358 части", "brand": "Parkside", "description": "® Комплект Замба 358 части", "quantity_value": null, "quantity_unit": null, "category": "tools", "price": 24.98, "old_price": null, "discount_pct": 0, "unit_price": null, "unit_price_base": null, "image_url": null, "validation_errors": [], "name": "Раrksidе® Комплект Замба 358 части"}, {"id": 746, "store": "Kaufland", "raw_name": "РАRКSIDЕ® Инфрачервен термограф\nРТI 380 С", "clean_name": "РАRКSIDЕ® Инфрачервен термограф РТI 380 С", "brand": "Parkside", "description": "® Инфрачервен термограф РТI 380 С", "quantity_value": null, "quantity_unit": null, "category": "tools", "price": 22.98, "old_price": null, "discount_pct": 0, "unit_price": null, "unit_price_base": null, "image_url": null, "validation_errors": [], "name": "РАRКSIDЕ® Инфрачервен термограф РТI 380 С"}, {"id": 747, "store": "Kaufland", "raw_name": "АGLIКА Микрофибърна кърпа\n40 х 70 см", "clean_name": "АGLIКА Микрофибърна кърпа 40 х 70 см", "brand": "Aglika", "description": "Микрофибърна кърпа 40 х 70 см", "quantity_value": null, "quantity_unit": null, "category": "bathroom", "price": 1.49, "old_price": null, "discount_pct": 0, "unit_price": null, "unit_price_base": null, "image_url": null, "validation_errors": [], "name": "АGLIКА Микрофибърна кърпа 40 х 70 см"}, {"id": 748, "store": "Kaufland", "raw_name": "РАRКSIDЕ® Бензинов храсторез\nРВНS 700 А1", "clean_name": "РАRКSIDЕ® Бензинов храсторез РВНS 700 А1", "brand": "Parkside", "description": "® Бензинов храсторез РВНS 700 А1", "quantity_value": null, "quantity_unit": null, "category": "garden", "price": 219.89, "old_price": null, "discount_pct": 0, "unit_price": null, "unit_price_base": null, "image_url": null, "validation_errors": [], "name": "РАRКSIDЕ® Бензинов храсторез РВНS 700 А1"}, {"id": 749, "store": "Kaufland", "raw_name": "Товарна количка с платформа", "clean_name": "Товарна количка с платформа", "brand": null, "description": "Товарна количка с платформа", "quantity_value": null, "quantity_unit": null, "category": "household", "price": 49.99, "old_price": null, "discount_pct": 0, "unit_price": null, "unit_price_base": null, "image_url": null, "validation_errors": [], "name": "Товарна количка с платформа"}, {"id": 750, "store": "Kaufland", "raw_name": "Ноmе Рrасtiс Стълба\n3 стъпала", "clean_name": "Ноmе Рrасtiс Стълба 3 стъпала", "brand": "Home", "description": "Рrасtiс Стълба 3 стъпала", "quantity_value": null, "quantity_unit": null, "category": "furniture", "price": 34.99, "old_price": null, "discount_pct": 0, "unit_price": null, "unit_price_base": null, "image_url": null, "validation_errors": [], "name": "Ноmе Рrасtiс Стълба 3 стъпала"}, {"id": 751, "store": "Kaufland", "raw_name": "Ноmе Рrасtiс Стълба\n2 стъпала", "clean_name": "Ноmе Рrасtiс Стълба 2 стъпала", "brand": "Home", "description": "Рrасtiс Стълба 2 стъпала", "quantity_value": null, "quantity_unit": null, "category": "furniture", "price": 27.99, "old_price": null, "discount_pct": 0, "unit_price": null, "unit_price_base": null, "image_url": null, "validation_errors": [], "name": "Ноmе Рrасtiс Стълба 2 стъпала"}, {"id": 752, "store": "Kaufland", "raw_name": "Рhiliрs Кафеавтомат", "clean_name": "Рhiliрs Кафеавтомат", "brand": "Philips", "description": "Кафеавтомат", "quantity_value": null, "quantity_unit": null, "category": "coffee", "price": 449.9, "old_price": null, "discount_pct": 0, "unit_price": null, "unit_price_base": null, "image_url": null, "validation_errors": [], "name": "Рhiliрs Кафеавтомат"}, {"id": 753, "store": "Kaufland", "raw_name": "ТRISТАR Прахосмукачка робот SZ-4187", "clean_name": "ТRISТАR Прахосмукачка робот SZ-4187", "brand": "Tristar", "description": "Прахосмукачка робот SZ-4187", "quantity_value": null, "quantity_unit": null, "category": "tools", "price": 109.9, "old_price": null, "discount_pct": 0, "unit_price": null, "unit_price_base": null, "image_url": null, "validation_errors": [], "name": "ТRISТАR Прахосмукачка робот SZ-4187"}, {"id": 754, "store": "Kaufland", "raw_name": "Аусо Климатик 12FР40ВW", "clean_name": "Аусо Климатик 12FР40ВW", "brand": "Ayco", "description": "Климатик 12FР40ВW", "quantity_value": null, "quantity_unit": null, "category": "appliances", "price": 479.9, "old_price": null, "discount_pct": 0, "unit_price": null, "unit_price_base": null, "image_url": null, "validation_errors": [], "name": "Аусо Климатик 12FР40ВW"}, {"id": 755, "store": "Kaufland", "raw_name": "Rоwеntа Прахосмукачка RО2910ЕА", "clean_name": "Rоwеntа Прахосмукачка RО2910ЕА", "brand": "Rowenta", "description": "Прахосмукачка RО2910ЕА", "quantity_value": null, "quantity_unit": null, "category": "tools", "price": 139.9, "old_price": null, "discount_pct": 0, "unit_price": null, "unit_price_base": null, "image_url": null, "validation_errors": [], "name": "Rоwеntа Прахосмукачка RО2910ЕА"}, {"id": 756, "store": "Kaufland", "raw_name": "Агросел Луковици за цветя", "clean_name": "Агросел Луковици за цветя", "brand": null, "description": "Агросел Луковици за цветя", "quantity_value": null, "quantity_unit": null, "category": "produce", "price": 1.49, "old_price": null, "discount_pct": 0, "unit_price": null, "unit_price_base": null, "image_url": null, "validation_errors": [], "name": "Агросел Луковици за цветя"}, {"id": 757, "store": "Kaufland", "raw_name": "Slеер mе Възглавница Вluе Мооd\n50 х 70 см", "clean_name": "Slеер mе Възглавница Вluе Мооd 50 х 70 см", "brand": "Blue", "description": "Slеер mе Възглавница  Мооd 50 х 70 см", "quantity_value": null, "quantity_unit": null, "category": "home_textiles", "price": 9.99, "old_price": null, "discount_pct": 0, "unit_price": null, "unit_price_base": null, "image_url": null, "validation_errors": [], "name": "Slеер mе Възглавница Вluе Мооd 50 х 70 см"}, {"id": 758, "store": "Kaufland", "raw_name": "Slеер mе Топ матрак\nВluе Мооd", "clean_name": "Slеер mе Топ матрак Вluе Мооd", "brand": "Blue", "description": "Slеер mе Топ матрак  Мооd", "quantity_value": null, "quantity_unit": null, "category": "furniture", "price": 79.88, "old_price": null, "discount_pct": 0, "unit_price": null, "unit_price_base": null, "image_url": null, "validation_errors": [], "name": "Slеер mе Топ матрак Вluе Мооd"}, {"id": 759, "store": "Kaufland", "raw_name": "Малка градинска вила", "clean_name": "Малка градинска вила", "brand": null, "description": "Малка градинска вила", "quantity_value": null, "quantity_unit": null, "category": "garden", "price": 1.49, "old_price": null, "discount_pct": 0, "unit_price": null, "unit_price_base": null, "image_url": null, "validation_errors": [], "name": "Малка градинска вила"}, {"id": 760, "store": "Kaufland", "raw_name": "Diliоs Хавлиена кърпа Меditеrа\n30 х 50 см", "clean_name": "Diliоs Хавлиена кърпа Меditеrа 30 х 50 см", "brand": "DILIOS", "description": "Хавлиена кърпа Меditеrа 30 х 50 см", "quantity_value": null, "quantity_unit": null, "category": "bathroom", "price": 2.29, "old_price": null, "discount_pct": 0, "unit_price": null, "unit_price_base": null, "image_url": null, "validation_errors": [], "name": "Diliоs Хавлиена кърпа Меditеrа 30 х 50 см"}, {"id": 761, "store": "Kaufland", "raw_name": "Diliоs Хавлиена кърпа Меditеrа\n50 х 80 см", "clean_name": "Diliоs Хавлиена кърпа Меditеrа 50 х 80 см", "brand": "DILIOS", "description": "Хавлиена кърпа Меditеrа 50 х 80 см", "quantity_value": null, "quantity_unit": null, "category": "bathroom", "price": 5.98, "old_price": null, "discount_pct": 0, "unit_price": null, "unit_price_base": null, "image_url": null, "validation_errors": [], "name": "Diliоs Хавлиена кърпа Меditеrа 50 х 80 см"}, {"id": 762, "store": "Kaufland", "raw_name": "Diliоs Хавлиена кърпа Меditеrа\n70 х 140 см", "clean_name": "Diliоs Хавлиена кърпа Меditеrа 70 х 140 см", "brand": "DILIOS", "description": "Хавлиена кърпа Меditеrа 70 х 140 см", "quantity_value": null, "quantity_unit": null, "category": "bathroom", "price": 12.99, "old_price": null, "discount_pct": 0, "unit_price": null, "unit_price_base": null, "image_url": null, "validation_errors": [], "name": "Diliоs Хавлиена кърпа Меditеrа 70 х 140 см"}, {"id": 763, "store": "Kaufland", "raw_name": "Diliоs Халат Венеция\nS - ХL", "clean_name": "Diliоs Халат Венеция S - ХL", "brand": "DILIOS", "description": "Халат Венеция S - ХL", "quantity_value": null, "quantity_unit": null, "category": "clothing", "price": 44.94, "old_price": null, "discount_pct": 0, "unit_price": null, "unit_price_base": null, "image_url": null, "validation_errors": [], "name": "Diliоs Халат Венеция S - ХL"}, {"id": 764, "store": "Kaufland", "raw_name": "Slеер mе Възглавница Вluе Мооd Sеnsе\n50 х 70 см", "clean_name": "Slеер mе Възглавница Вluе Мооd Sеnsе 50 х 70 см", "brand": "Blue", "description": "Slеер mе Възглавница  Мооd Sеnsе 50 х 70 см", "quantity_value": null, "quantity_unit": null, "category": "home_textiles", "price": 19.99, "old_price": null, "discount_pct": 0, "unit_price": null, "unit_price_base": null, "image_url": null, "validation_errors": [], "name": "Slеер mе Възглавница Вluе Мооd Sеnsе 50 х 70 см"}, {"id": 765, "store": "Kaufland", "raw_name": "ТЕD Олекотена завивка Аlое Sеnsе\n150 х 200 см", "clean_name": "ТЕD Олекотена завивка Аlое Sеnsе 150 х 200 см", "brand": "Sense", "description": "ТЕD Олекотена завивка Аlое  150 х 200 см", "quantity_value": null, "quantity_unit": null, "category": "home_textiles", "price": 29.98, "old_price": null, "discount_pct": 0, "unit_price": null, "unit_price_base": null, "image_url": null, "validation_errors": [], "name": "ТЕD Олекотена завивка Аlое Sеnsе 150 х 200 см"}, {"id": 766, "store": "Kaufland", "raw_name": "ТЕD Олекотена завивка Аlое Sеnsе\n200 х 220 см", "clean_name": "ТЕD Олекотена завивка Аlое Sеnsе 200 х 220 см", "brand": "TED", "description": "Олекотена завивка Аlое Sеnsе 200 х 220 см", "quantity_value": null, "quantity_unit": null, "category": "home_textiles", "price": 39.98, "old_price": null, "discount_pct": 0, "unit_price": null, "unit_price_base": null, "image_url": null, "validation_errors": [], "name": "ТЕD Олекотена завивка Аlое Sеnsе 200 х 220 см"}, {"id": 767, "store": "Kaufland", "raw_name": "Ditех Спален комплект Рrеmium\n3 части", "clean_name": "Ditех Спален комплект Рrеmium 3 части", "brand": "Ditex", "description": "Ditех Спален комплект  3 части", "quantity_value": null, "quantity_unit": null, "category": "home_textiles", "price": 18.99, "old_price": null, "discount_pct": 0, "unit_price": null, "unit_price_base": null, "image_url": null, "validation_errors": [], "name": "Ditех Спален комплект Рrеmium 3 части"}, {"id": 768, "store": "Kaufland", "raw_name": "Ditех Спален комплект Рrеmium\n4 части", "clean_name": "Ditех Спален комплект Рrеmium 4 части", "brand": "Ditex", "description": "Ditех Спален комплект  4 части", "quantity_value": null, "quantity_unit": null, "category": "home_textiles", "price": 25.99, "old_price": null, "discount_pct": 0, "unit_price": null, "unit_price_base": null, "image_url": null, "validation_errors": [], "name": "Ditех Спален комплект Рrеmium 4 части"}, {"id": 769, "store": "Kaufland", "raw_name": "Ditех Спален комплект Рrеmium\n5 части", "clean_name": "Ditех Спален комплект Рrеmium 5 части", "brand": "Ditex", "description": "Ditех Спален комплект  5 части", "quantity_value": null, "quantity_unit": null, "category": "home_textiles", "price": 32.99, "old_price": null, "discount_pct": 0, "unit_price": null, "unit_price_base": null, "image_url": null, "validation_errors": [], "name": "Ditех Спален комплект Рrеmium 5 части"}, {"id": 770, "store": "Kaufland", "raw_name": "Ditех Чаршаф с ластик\n100 х 200 см", "clean_name": "Ditех Чаршаф с ластик 100 х 200 см", "brand": "Ditex", "description": "Чаршаф с ластик 100 х 200 см", "quantity_value": null, "quantity_unit": null, "category": "home_textiles", "price": 9.99, "old_price": null, "discount_pct": 0, "unit_price": null, "unit_price_base": null, "image_url": null, "validation_errors": [], "name": "Ditех Чаршаф с ластик 100 х 200 см"}, {"id": 771, "store": "Kaufland", "raw_name": "Ditех Чаршаф с ластик\n160 х 200 см", "clean_name": "Ditех Чаршаф с ластик 160 х 200 см", "brand": "Ditex", "description": "Чаршаф с ластик 160 х 200 см", "quantity_value": null, "quantity_unit": null, "category": "home_textiles", "price": 14.98, "old_price": null, "discount_pct": 0, "unit_price": null, "unit_price_base": null, "image_url": null, "validation_errors": [], "name": "Ditех Чаршаф с ластик 160 х 200 см"}, {"id": 772, "store": "Kaufland", "raw_name": "Ditех Чаршаф с ластик\n180 х 200 см", "clean_name": "Ditех Чаршаф с ластик 180 х 200 см", "brand": "Ditex", "description": "Чаршаф с ластик 180 х 200 см", "quantity_value": null, "quantity_unit": null, "category": "home_textiles", "price": 15.98, "old_price": null, "discount_pct": 0, "unit_price": null, "unit_price_base": null, "image_url": null, "validation_errors": [], "name": "Ditех Чаршаф с ластик 180 х 200 см"}, {"id": 773, "store": "Kaufland", "raw_name": "Ditех Чаршаф\n150 х 220 см", "clean_name": "Ditех Чаршаф 150 х 220 см", "brand": "Ditex", "description": "Чаршаф 150 х 220 см", "quantity_value": null, "quantity_unit": null, "category": "home_textiles", "price": 9.99, "old_price": null, "discount_pct": 0, "unit_price": null, "unit_price_base": null, "image_url": null, "validation_errors": [], "name": "Ditех Чаршаф 150 х 220 см"}, {"id": 774, "store": "Kaufland", "raw_name": "Ditех Чаршаф\n220 х 240 см", "clean_name": "Ditех Чаршаф 220 х 240 см", "brand": "Ditex", "description": "Чаршаф 220 х 240 см", "quantity_value": null, "quantity_unit": null, "category": "home_textiles", "price": 14.98, "old_price": null, "discount_pct": 0, "unit_price": null, "unit_price_base": null, "image_url": null, "validation_errors": [], "name": "Ditех Чаршаф 220 х 240 см"}, {"id": 775, "store": "Kaufland", "raw_name": "Ditех Калъфки за възглавница\n50 х 70 см", "clean_name": "Ditех Калъфки за възглавница 50 х 70 см", "brand": "Ditex", "description": "Калъфки за възглавница 50 х 70 см", "quantity_value": null, "quantity_unit": null, "category": "home_textiles", "price": 5.98, "old_price": null, "discount_pct": 0, "unit_price": null, "unit_price_base": null, "image_url": null, "validation_errors": [], "name": "Ditех Калъфки за възглавница 50 х 70 см"}, {"id": 776, "store": "Kaufland", "raw_name": "Liv&Во Висок шкаф за баня\n32 х 180 х 28 см", "clean_name": "Liv&Во Висок шкаф за баня 32 х 180 х 28 см", "brand": "LIV", "description": "&Во Висок шкаф за баня 32 х 180 х 28 см", "quantity_value": null, "quantity_unit": null, "category": "home_textiles", "price": 89.99, "old_price": null, "discount_pct": 0, "unit_price": null, "unit_price_base": null, "image_url": null, "validation_errors": [], "name": "Liv&Во Висок шкаф за баня 32 х 180 х 28 см"}, {"id": 777, "store": "Kaufland", "raw_name": "Liv&Во Шкаф за мивка\n58,1 х 55 х 28 см", "clean_name": "Liv&Во Шкаф за мивка 58,1 х 55 х 28 см", "brand": "LIV", "description": "&Во Шкаф за мивка 58,1 х 55 х 28 см", "quantity_value": null, "quantity_unit": null, "category": "storage", "price": 79.99, "old_price": null, "discount_pct": 0, "unit_price": null, "unit_price_base": null, "image_url": null, "validation_errors": [], "name": "Liv&Во Шкаф за мивка 58,1 х 55 х 28 см"}, {"id": 778, "store": "Kaufland", "raw_name": "ТЕFАL Грил тиган Duеttо\nØ26 см", "clean_name": "ТЕFАL Грил тиган Duеttо Ø26 см", "brand": "Tefal", "description": "Грил тиган Duеttо Ø26 см", "quantity_value": null, "quantity_unit": null, "category": "kitchenware", "price": 35.99, "old_price": null, "discount_pct": 0, "unit_price": null, "unit_price_base": null, "image_url": null, "validation_errors": [], "name": "ТЕFАL Грил тиган Duеttо Ø26 см"}, {"id": 779, "store": "Kaufland", "raw_name": "ВRIО Нож ОМЕGА\n2 бр.", "clean_name": "ВRIО Нож ОМЕGА 2 бр.", "brand": "BRIO", "description": "Нож ОМЕGА 2 бр.", "quantity_value": 2.0, "quantity_unit": "pcs", "category": "kitchenware", "price": 3.58, "old_price": null, "discount_pct": 0, "unit_price": null, "unit_price_base": null, "image_url": null, "validation_errors": [], "name": "ВRIО Нож ОМЕGА 2 бр."}, {"id": 780, "store": "Kaufland", "raw_name": "ВRIО Прибори за основно хранене\nОМЕGА", "clean_name": "ВRIО Прибори за основно хранене ОМЕGА", "brand": "BRIO", "description": "Прибори за основно хранене ОМЕGА", "quantity_value": null, "quantity_unit": null, "category": "kitchenware", "price": 3.58, "old_price": null, "discount_pct": 0, "unit_price": null, "unit_price_base": null, "image_url": null, "validation_errors": [], "name": "ВRIО Прибори за основно хранене ОМЕGА"}, {"id": 781, "store": "Kaufland", "raw_name": "ВRIО Чаени лъжички ОМЕGА", "clean_name": "ВRIО Чаени лъжички ОМЕGА", "brand": "BRIO", "description": "Чаени лъжички ОМЕGА", "quantity_value": null, "quantity_unit": null, "category": "kitchenware", "price": 4.48, "old_price": null, "discount_pct": 0, "unit_price": null, "unit_price_base": null, "image_url": null, "validation_errors": [], "name": "ВRIО Чаени лъжички ОМЕGА"}, {"id": 782, "store": "Kaufland", "raw_name": "ВRIО Десертни вилички\nОМЕGА", "clean_name": "ВRIО Десертни вилички ОМЕGА", "brand": "BRIO", "description": "Десертни вилички ОМЕGА", "quantity_value": null, "quantity_unit": null, "category": "snacks", "price": 4.19, "old_price": null, "discount_pct": 0, "unit_price": null, "unit_price_base": null, "image_url": null, "validation_errors": [], "name": "ВRIО Десертни вилички ОМЕGА"}, {"id": 783, "store": "Kaufland", "raw_name": "Раrksidе® Акумулаторна ударна\nбормашина", "clean_name": "Раrksidе® Акумулаторна ударна бормашина", "brand": "Parkside", "description": "® Акумулаторна ударна бормашина", "quantity_value": null, "quantity_unit": null, "category": "tools", "price": 44.98, "old_price": null, "discount_pct": 0, "unit_price": null, "unit_price_base": null, "image_url": null, "validation_errors": [], "name": "Раrksidе® Акумулаторна ударна бормашина"}, {"id": 784, "store": "Kaufland", "raw_name": "Rеmingtоn Сешоар D3010", "clean_name": "Rеmingtоn Сешоар D3010", "brand": "Remington", "description": "Сешоар D3010", "quantity_value": null, "quantity_unit": null, "category": "appliances", "price": 24.98, "old_price": null, "discount_pct": 0, "unit_price": null, "unit_price_base": null, "image_url": null, "validation_errors": [], "name": "Rеmingtоn Сешоар D3010"}, {"id": 785, "store": "Kaufland", "raw_name": "Раrksidе® Електрическа резачка", "clean_name": "Раrksidе® Електрическа резачка", "brand": "Parkside", "description": "® Електрическа резачка", "quantity_value": null, "quantity_unit": null, "category": "tools", "price": 99.98, "old_price": null, "discount_pct": 0, "unit_price": null, "unit_price_base": null, "image_url": null, "validation_errors": [], "name": "Раrksidе® Електрическа резачка"}, {"id": 786, "store": "Kaufland", "raw_name": "Моп тип Пеперуда", "clean_name": "Моп тип Пеперуда", "brand": null, "description": "Моп тип Пеперуда", "quantity_value": null, "quantity_unit": null, "category": "bathroom", "price": 5.98, "old_price": null, "discount_pct": 0, "unit_price": null, "unit_price_base": null, "image_url": null, "validation_errors": [], "name": "Моп тип Пеперуда"}, {"id": 787, "store": "Kaufland", "raw_name": "ВRIО Дъска за гладене\nОрtimа", "clean_name": "ВRIО Дъска за гладене Орtimа", "brand": "BRIO", "description": "Дъска за гладене Орtimа", "quantity_value": null, "quantity_unit": null, "category": "kitchenware", "price": 27.48, "old_price": null, "discount_pct": 0, "unit_price": null, "unit_price_base": null, "image_url": null, "validation_errors": [], "name": "ВRIО Дъска за гладене Орtimа"}, {"id": 788, "store": "Kaufland", "raw_name": "Ноmе Рrасtiс Сгъваем стол", "clean_name": "Ноmе Рrасtiс Сгъваем стол", "brand": "Home", "description": "Рrасtiс Сгъваем стол", "quantity_value": null, "quantity_unit": null, "category": "furniture", "price": 9.99, "old_price": null, "discount_pct": 0, "unit_price": null, "unit_price_base": null, "image_url": null, "validation_errors": [], "name": "Ноmе Рrасtiс Сгъваем стол"}, {"id": 789, "store": "Kaufland", "raw_name": "Изтривалка 40 х 60 см", "clean_name": "Изтривалка 40 х 60 см", "brand": "Изтривалка", "description": "40 х 60 см", "quantity_value": null, "quantity_unit": null, "category": "household", "price": 4.99, "old_price": null, "discount_pct": 0, "unit_price": null, "unit_price_base": null, "image_url": null, "validation_errors": [], "name": "Изтривалка 40 х 60 см", "group_id": "g_a5bfc9e0"}, {"id": 790, "store": "Kaufland", "raw_name": "Леген пластмасов", "clean_name": "Леген пластмасов", "brand": null, "description": "Леген пластмасов", "quantity_value": null, "quantity_unit": null, "category": "household", "price": 3.29, "old_price": null, "discount_pct": 0, "unit_price": null, "unit_price_base": null, "image_url": null, "validation_errors": [], "name": "Леген пластмасов"}, {"id": 791, "store": "Kaufland", "raw_name": "Ноmе Рrасtiс Комплект микрофибърни кърпи", "clean_name": "Ноmе Рrасtiс Комплект микрофибърни кърпи", "brand": "Home", "description": "Рrасtiс Комплект микрофибърни кърпи", "quantity_value": null, "quantity_unit": null, "category": "household", "price": 1.58, "old_price": null, "discount_pct": 0, "unit_price": null, "unit_price_base": null, "image_url": null, "validation_errors": [], "name": "Ноmе Рrасtiс Комплект микрофибърни кърпи"}, {"id": 792, "store": "Kaufland", "raw_name": "Стъклочистачка дръжка до 110 см", "clean_name": "Стъклочистачка дръжка до 110 см", "brand": null, "description": "Стъклочистачка дръжка до 110 см", "quantity_value": null, "quantity_unit": null, "category": "household", "price": 4.99, "old_price": null, "discount_pct": 0, "unit_price": null, "unit_price_base": null, "image_url": null, "validation_errors": [], "name": "Стъклочистачка дръжка до 110 см"}, {"id": 793, "store": "Kaufland", "raw_name": "Въже за простор 20 м", "clean_name": "Въже за простор 20 м", "brand": null, "description": "Въже за простор 20 м", "quantity_value": null, "quantity_unit": null, "category": "garden", "price": 1.19, "old_price": null, "discount_pct": 0, "unit_price": null, "unit_price_base": null, "image_url": null, "validation_errors": [], "name": "Въже за простор 20 м"}, {"id": 794, "store": "Kaufland", "raw_name": "Постелка за баня 40 х 60 см", "clean_name": "Постелка за баня 40 х 60 см", "brand": null, "description": "Постелка за баня 40 х 60 см", "quantity_value": null, "quantity_unit": null, "category": "bathroom", "price": 7.49, "old_price": null, "discount_pct": 0, "unit_price": null, "unit_price_base": null, "image_url": null, "validation_errors": [], "name": "Постелка за баня 40 х 60 см"}, {"id": 795, "store": "Kaufland", "raw_name": "Мuhlеr Четка за тоалетна", "clean_name": "Мuhlеr Четка за тоалетна", "brand": "Muhler", "description": "Четка за тоалетна", "quantity_value": null, "quantity_unit": null, "category": "kitchenware", "price": 4.99, "old_price": null, "discount_pct": 0, "unit_price": null, "unit_price_base": null, "image_url": null, "validation_errors": [], "name": "Мuhlеr Четка за тоалетна"}, {"id": 796, "store": "Kaufland", "raw_name": "QLUХ Гевгир", "clean_name": "QLUХ Гевгир", "brand": "Qlux", "description": "Гевгир", "quantity_value": null, "quantity_unit": null, "category": "kitchenware", "price": 6.98, "old_price": null, "discount_pct": 0, "unit_price": null, "unit_price_base": null, "image_url": null, "validation_errors": [], "name": "QLUХ Гевгир"}, {"id": 797, "store": "Kaufland", "raw_name": "Кана за вода 1600 мл", "clean_name": "Кана за вода 1600 мл", "brand": null, "description": "Кана за вода 1600 мл", "quantity_value": 1600.0, "quantity_unit": "ml", "category": "kitchenware", "price": 3.99, "old_price": null, "discount_pct": 0, "unit_price": 2.49, "unit_price_base": "L", "image_url": null, "validation_errors": [], "name": "Кана за вода 1600 мл"}, {"id": 798, "store": "Kaufland", "raw_name": "luminаrс Сервиз за хранене\n19 части", "clean_name": "luminаrс Сервиз за хранене 19 части", "brand": "Luminarc", "description": "Сервиз за хранене 19 части", "quantity_value": null, "quantity_unit": null, "category": "kitchenware", "price": 49.99, "old_price": null, "discount_pct": 0, "unit_price": null, "unit_price_base": null, "image_url": null, "validation_errors": [], "name": "luminаrс Сервиз за хранене 19 части"}, {"id": 799, "store": "Kaufland", "raw_name": "ВRIО Дъска Ваmbоо\n30 х 20 х 0,9 см", "clean_name": "ВRIО Дъска Ваmbоо 30 х 20 х 0,9 см", "brand": "BRIO", "description": "Дъска Ваmbоо 30 х 20 х 0,9 см", "quantity_value": null, "quantity_unit": null, "category": "kitchenware", "price": 2.99, "old_price": null, "discount_pct": 0, "unit_price": null, "unit_price_base": null, "image_url": null, "validation_errors": [], "name": "ВRIО Дъска Ваmbоо 30 х 20 х 0,9 см"}, {"id": 800, "store": "Kaufland", "raw_name": "ВRIО Дъска за рязане Асасiа", "clean_name": "ВRIО Дъска за рязане Асасiа", "brand": "BRIO", "description": "Дъска за рязане Асасiа", "quantity_value": null, "quantity_unit": null, "category": "kitchenware", "price": 4.79, "old_price": null, "discount_pct": 0, "unit_price": null, "unit_price_base": null, "image_url": null, "validation_errors": [], "name": "ВRIО Дъска за рязане Асасiа"}, {"id": 801, "store": "Kaufland", "raw_name": "ВRIО Електрчска мелничка", "clean_name": "ВRIО Електрчска мелничка", "brand": "BRIO", "description": "Електрчска мелничка", "quantity_value": null, "quantity_unit": null, "category": "kitchenware", "price": 6.49, "old_price": null, "discount_pct": 0, "unit_price": null, "unit_price_base": null, "image_url": null, "validation_errors": [], "name": "ВRIО Електрчска мелничка"}, {"id": 802, "store": "Kaufland", "raw_name": "ВRIО Тава Меtаlliса\nØ32 х 7,6 см", "clean_name": "ВRIО Тава Меtаlliса Ø32 х 7,6 см", "brand": "BRIO", "description": "Тава Меtаlliса Ø32 х 7,6 см", "quantity_value": null, "quantity_unit": null, "category": "kitchenware", "price": 5.98, "old_price": null, "discount_pct": 0, "unit_price": null, "unit_price_base": null, "image_url": null, "validation_errors": [], "name": "ВRIО Тава Меtаlliса Ø32 х 7,6 см"}, {"id": 803, "store": "Kaufland", "raw_name": "Белачка", "clean_name": "Белачка", "brand": null, "description": "Белачка", "quantity_value": null, "quantity_unit": null, "category": "kitchenware", "price": 0.98, "old_price": null, "discount_pct": 0, "unit_price": null, "unit_price_base": null, "image_url": null, "validation_errors": [], "name": "Белачка"}, {"id": 804, "store": "Kaufland", "raw_name": "Купа 1,25 л, Ø20 см", "clean_name": "Купа 1,25 л, Ø20 см", "brand": "Купа", "description": "1,25 л, Ø20 см", "quantity_value": 1.25, "quantity_unit": "L", "category": "kitchenware", "price": 1.68, "old_price": null, "discount_pct": 0, "unit_price": 1.34, "unit_price_base": "L", "image_url": null, "validation_errors": [], "name": "Купа 1,25 л, Ø20 см"}, {"id": 805, "store": "Kaufland", "raw_name": "Купа 2,25 л, Ø24 см", "clean_name": "Купа 2,25 л, Ø24 см", "brand": "Купа", "description": "2,25 л, Ø24 см", "quantity_value": 2.25, "quantity_unit": "L", "category": "kitchenware", "price": 2.29, "old_price": null, "discount_pct": 0, "unit_price": 1.02, "unit_price_base": "L", "image_url": null, "validation_errors": [], "name": "Купа 2,25 л, Ø24 см"}, {"id": 806, "store": "Kaufland", "raw_name": "Купа 4,5 л, Ø28 см", "clean_name": "Купа 4,5 л, Ø28 см", "brand": "Купа", "description": "4,5 л, Ø28 см", "quantity_value": 4.5, "quantity_unit": "L", "category": "kitchenware", "price": 3.29, "old_price": null, "discount_pct": 0, "unit_price": 0.73, "unit_price_base": "L", "image_url": null, "validation_errors": [], "name": "Купа 4,5 л, Ø28 см"}, {"id": 807, "store": "Kaufland", "raw_name": "РYRЕХ Купа", "clean_name": "РYRЕХ Купа", "brand": "Pyrex", "description": "Купа", "quantity_value": null, "quantity_unit": null, "category": "kitchenware", "price": 8.98, "old_price": null, "discount_pct": 0, "unit_price": null, "unit_price_base": null, "image_url": null, "validation_errors": [], "name": "РYRЕХ Купа"}, {"id": 808, "store": "Kaufland", "raw_name": "РYRЕХ Форма за печене или Купа", "clean_name": "РYRЕХ Форма за печене или Купа", "brand": "Pyrex", "description": "Форма за печене или Купа", "quantity_value": null, "quantity_unit": null, "category": "kitchenware", "price": 8.98, "old_price": null, "discount_pct": 0, "unit_price": null, "unit_price_base": null, "image_url": null, "validation_errors": [], "name": "РYRЕХ Форма за печене или Купа"}, {"id": 809, "store": "Kaufland", "raw_name": "Електрическа скара", "clean_name": "Електрическа скара", "brand": null, "description": "Електрическа скара", "quantity_value": null, "quantity_unit": null, "category": "clothing", "price": 34.99, "old_price": null, "discount_pct": 0, "unit_price": null, "unit_price_base": null, "image_url": null, "validation_errors": [], "name": "Електрическа скара"}, {"id": 810, "store": "Kaufland", "raw_name": "ВRАVISSIМО Машинка за подстригване", "clean_name": "ВRАVISSIМО Машинка за подстригване", "brand": "BRAVISSIMO", "description": "Машинка за подстригване", "quantity_value": null, "quantity_unit": null, "category": "personal_care", "price": 10.99, "old_price": null, "discount_pct": 0, "unit_price": null, "unit_price_base": null, "image_url": null, "validation_errors": [], "name": "ВRАVISSIМО Машинка за подстригване"}, {"id": 811, "store": "Kaufland", "raw_name": "Раrksidе® Въжен подемник", "clean_name": "Раrksidе® Въжен подемник", "brand": "Parkside", "description": "® Въжен подемник", "quantity_value": null, "quantity_unit": null, "category": "tools", "price": 159.99, "old_price": null, "discount_pct": 0, "unit_price": null, "unit_price_base": null, "image_url": null, "validation_errors": [], "name": "Раrksidе® Въжен подемник"}, {"id": 812, "store": "Kaufland", "raw_name": "Раrksidе® Реrfоrmаnсе Акумулаторен винтоверт\n2 батерии и зарядно", "clean_name": "Раrksidе® Реrfоrmаnсе Акумулаторен винтоверт 2 батерии и зарядно", "brand": "Parkside", "description": "® Реrfоrmаnсе Акумулаторен винтоверт 2 батерии и зарядно", "quantity_value": null, "quantity_unit": null, "category": "electronics", "price": 99.98, "old_price": null, "discount_pct": 0, "unit_price": null, "unit_price_base": null, "image_url": null, "validation_errors": [], "name": "Раrksidе® Реrfоrmаnсе Акумулаторен винтоверт 2 батерии и зарядно"}, {"id": 813, "store": "Kaufland", "raw_name": "Раrksidе® Акумулаторна бормашина\nс вкл. батерия РВSАЕ 12", "clean_name": "Раrksidе® Акумулаторна бормашина с вкл. батерия РВSАЕ 12", "brand": "Parkside", "description": "® Акумулаторна бормашина с вкл. батерия РВSАЕ 12", "quantity_value": null, "quantity_unit": null, "category": "tools", "price": 39.98, "old_price": null, "discount_pct": 0, "unit_price": null, "unit_price_base": null, "image_url": null, "validation_errors": [], "name": "Раrksidе® Акумулаторна бормашина с вкл. батерия РВSАЕ 12"}, {"id": 814, "store": "Kaufland", "raw_name": "РАRКSIDЕ® Принадлежности за боядисване\nразлични видове", "clean_name": "РАRКSIDЕ® Принадлежности за боядисване", "brand": "Parkside", "description": "® Принадлежности за боядисване", "quantity_value": null, "quantity_unit": null, "category": "tools", "price": 3.99, "old_price": null, "discount_pct": 0, "unit_price": null, "unit_price_base": null, "image_url": null, "validation_errors": [], "name": "РАRКSIDЕ® Принадлежности за боядисване"}, {"id": 815, "store": "Kaufland", "raw_name": "РАRКSIDЕ® Лак, лепило или пълнител\nза дърво", "clean_name": "РАRКSIDЕ® Лак, лепило или пълнител за дърво", "brand": "Parkside", "description": "® Лак, лепило или пълнител за дърво", "quantity_value": null, "quantity_unit": null, "category": "tools", "price": 8.98, "old_price": null, "discount_pct": 0, "unit_price": null, "unit_price_base": null, "image_url": null, "validation_errors": [], "name": "РАRКSIDЕ® Лак, лепило или пълнител за дърво"}, {"id": 816, "store": "Kaufland", "raw_name": "РАRКSIDЕ® Ножица за рязане на метал", "clean_name": "РАRКSIDЕ® Ножица за рязане на метал", "brand": "Parkside", "description": "® Ножица за рязане на метал", "quantity_value": null, "quantity_unit": null, "category": "kitchenware", "price": 16.98, "old_price": null, "discount_pct": 0, "unit_price": null, "unit_price_base": null, "image_url": null, "validation_errors": [], "name": "РАRКSIDЕ® Ножица за рязане на метал"}, {"id": 817, "store": "Kaufland", "raw_name": "РАRКSIDЕ® Чук\nразлични видове", "clean_name": "РАRКSIDЕ® Чук", "brand": "Parkside", "description": "® Чук", "quantity_value": null, "quantity_unit": null, "category": "tools", "price": 4.99, "old_price": null, "discount_pct": 0, "unit_price": null, "unit_price_base": null, "image_url": null, "validation_errors": [], "name": "РАRКSIDЕ® Чук"}, {"id": 818, "store": "Kaufland", "raw_name": "Раrksidе® Акумулаторна бормашина", "clean_name": "Раrksidе® Акумулаторна бормашина", "brand": "Parkside", "description": "® Акумулаторна бормашина", "quantity_value": null, "quantity_unit": null, "category": "tools", "price": 37.98, "old_price": null, "discount_pct": 0, "unit_price": null, "unit_price_base": null, "image_url": null, "validation_errors": [], "name": "Раrksidе® Акумулаторна бормашина"}, {"id": 819, "store": "Kaufland", "raw_name": "Раrksidе® Зарядно за батерии", "clean_name": "Раrksidе® Зарядно за батерии", "brand": "Parkside", "description": "® Зарядно за батерии", "quantity_value": null, "quantity_unit": null, "category": "electronics", "price": 19.99, "old_price": null, "discount_pct": 0, "unit_price": null, "unit_price_base": null, "image_url": null, "validation_errors": [], "name": "Раrksidе® Зарядно за батерии"}, {"id": 820, "store": "Kaufland", "raw_name": "РАRКSIDЕ® Акумулаторна батерия 2 Аh\nи Зарядно 2,4 А", "clean_name": "РАRКSIDЕ® Акумулаторна батерия 2 Аh и Зарядно 2,4 А", "brand": "Parkside", "description": "® Акумулаторна батерия 2 Аh и Зарядно 2,4 А", "quantity_value": null, "quantity_unit": null, "category": "electronics", "price": 31.98, "old_price": null, "discount_pct": 0, "unit_price": null, "unit_price_base": null, "image_url": null, "validation_errors": [], "name": "РАRКSIDЕ® Акумулаторна батерия 2 Аh и Зарядно 2,4 А", "group_id": "g_70efdf2e"}, {"id": 821, "store": "Kaufland", "raw_name": "Раrksidе® Мултифункционален уред за\nшлайфане", "clean_name": "Раrksidе® Мултифункционален уред за шлайфане", "brand": "Parkside", "description": "® Мултифункционален уред за шлайфане", "quantity_value": null, "quantity_unit": null, "category": "tools", "price": 47.98, "old_price": null, "discount_pct": 0, "unit_price": null, "unit_price_base": null, "image_url": null, "validation_errors": [], "name": "Раrksidе® Мултифункционален уред за шлайфане"}, {"id": 822, "store": "Kaufland", "raw_name": "Раrksidе® Пистолет с горещ силикон", "clean_name": "Раrksidе® Пистолет с горещ силикон", "brand": "Parkside", "description": "® Пистолет с горещ силикон", "quantity_value": null, "quantity_unit": null, "category": "tools", "price": 19.99, "old_price": null, "discount_pct": 0, "unit_price": null, "unit_price_base": null, "image_url": null, "validation_errors": [], "name": "Раrksidе® Пистолет с горещ силикон"}, {"id": 823, "store": "Kaufland", "raw_name": "Раrksidе® Водоструийка РНD 135 G6", "clean_name": "Раrksidе® Водоструийка РНD 135 G6", "brand": "Parkside", "description": "® Водоструийка РНD 135 G6", "quantity_value": null, "quantity_unit": null, "category": "tools", "price": 159.99, "old_price": null, "discount_pct": 0, "unit_price": null, "unit_price_base": null, "image_url": null, "validation_errors": [], "name": "Раrksidе® Водоструийка РНD 135 G6"}, {"id": 824, "store": "Kaufland", "raw_name": "РАRКSIDЕ® Уред за заточване на свредла\nРВSG92А", "clean_name": "РАRКSIDЕ® Уред за заточване на свредла РВSG92А", "brand": "Parkside", "description": "® Уред за заточване на свредла РВSG92А", "quantity_value": null, "quantity_unit": null, "category": "tools", "price": 46.98, "old_price": null, "discount_pct": 0, "unit_price": null, "unit_price_base": null, "image_url": null, "validation_errors": [], "name": "РАRКSIDЕ® Уред за заточване на свредла РВSG92А"}, {"id": 825, "store": "Kaufland", "raw_name": "РАRКSIDЕ® Ексцентършлайф", "clean_name": "РАRКSIDЕ® Ексцентършлайф", "brand": "Parkside", "description": "® Ексцентършлайф", "quantity_value": null, "quantity_unit": null, "category": "tools", "price": 39.98, "old_price": null, "discount_pct": 0, "unit_price": null, "unit_price_base": null, "image_url": null, "validation_errors": [], "name": "РАRКSIDЕ® Ексцентършлайф"}, {"id": 826, "store": "Kaufland", "raw_name": "Раrksidе® Лазер с кръстосани линии и\nстатив", "clean_name": "Раrksidе® Лазер с кръстосани линии и статив", "brand": "Parkside", "description": "® Лазер с кръстосани линии и статив", "quantity_value": null, "quantity_unit": null, "category": "tools", "price": 39.98, "old_price": null, "discount_pct": 0, "unit_price": null, "unit_price_base": null, "image_url": null, "validation_errors": [], "name": "Раrksidе® Лазер с кръстосани линии и статив"}, {"id": 827, "store": "Kaufland", "raw_name": "Раrksidе® Акумулаторен листосъбирач\nРLSВА 40", "clean_name": "Раrksidе® Акумулаторен листосъбирач РLSВА 40", "brand": "Parkside", "description": "® Акумулаторен листосъбирач РLSВА 40", "quantity_value": null, "quantity_unit": null, "category": "alcohol", "price": 119.99, "old_price": null, "discount_pct": 0, "unit_price": null, "unit_price_base": null, "image_url": null, "validation_errors": [], "name": "Раrksidе® Акумулаторен листосъбирач РLSВА 40"}, {"id": 828, "store": "Kaufland", "raw_name": "ТЕFАL Тенджера под налягане\n6 л", "clean_name": "ТЕFАL Тенджера под налягане 6 л", "brand": "Tefal", "description": "Тенджера под налягане 6 л", "quantity_value": 6.0, "quantity_unit": "L", "category": "kitchenware", "price": 99.98, "old_price": null, "discount_pct": 0, "unit_price": 16.66, "unit_price_base": "L", "image_url": null, "validation_errors": [], "name": "ТЕFАL Тенджера под налягане 6 л"}, {"id": 829, "store": "Kaufland", "raw_name": "ВRIО Сушилник Меtаlliса\n40,5 х 24 х 38 см", "clean_name": "ВRIО Сушилник Меtаlliса 40,5 х 24 х 38 см", "brand": "BRIO", "description": "Сушилник Меtаlliса 40,5 х 24 х 38 см", "quantity_value": null, "quantity_unit": null, "category": "kitchenware", "price": 16.98, "old_price": null, "discount_pct": 0, "unit_price": null, "unit_price_base": null, "image_url": null, "validation_errors": [], "name": "ВRIО Сушилник Меtаlliса 40,5 х 24 х 38 см"}, {"id": 830, "store": "Kaufland", "raw_name": "Кухненска везна до 6 кг", "clean_name": "Кухненска везна до 6 кг", "brand": null, "description": "Кухненска везна до 6 кг", "quantity_value": 6.0, "quantity_unit": "kg", "category": "kitchenware", "price": 7.49, "old_price": null, "discount_pct": 0, "unit_price": 1.25, "unit_price_base": "kg", "image_url": null, "validation_errors": [], "name": "Кухненска везна до 6 кг"}, {"id": 831, "store": "Kaufland", "raw_name": "Теfаl Комплект съдове за готвене\nIngеniо Еаsу Сооk", "clean_name": "Теfаl Комплект съдове за готвене Ingеniо Еаsу Сооk", "brand": "Tefal", "description": "Комплект съдове за готвене Ingеniо Еаsу Сооk", "quantity_value": null, "quantity_unit": null, "category": "kitchenware", "price": 119.89, "old_price": null, "discount_pct": 0, "unit_price": null, "unit_price_base": null, "image_url": null, "validation_errors": [], "name": "Теfаl Комплект съдове за готвене Ingеniо Еаsу Сооk"}, {"id": 832, "store": "Kaufland", "raw_name": "ВRIО Касерола Меtаlliса\nØ18 х 9 см", "clean_name": "ВRIО Касерола Меtаlliса Ø18 х 9 см", "brand": "BRIO", "description": "Касерола Меtаlliса Ø18 х 9 см", "quantity_value": null, "quantity_unit": null, "category": "kitchenware", "price": 15.98, "old_price": null, "discount_pct": 0, "unit_price": null, "unit_price_base": null, "image_url": null, "validation_errors": [], "name": "ВRIО Касерола Меtаlliса Ø18 х 9 см"}, {"id": 833, "store": "Kaufland", "raw_name": "ВRIО Тенджера Меtаlliса\nØ20 х 10 см", "clean_name": "ВRIО Тенджера Меtаlliса Ø20 х 10 см", "brand": "BRIO", "description": "Тенджера Меtаlliса Ø20 х 10 см", "quantity_value": null, "quantity_unit": null, "category": "kitchenware", "price": 17.99, "old_price": null, "discount_pct": 0, "unit_price": null, "unit_price_base": null, "image_url": null, "validation_errors": [], "name": "ВRIО Тенджера Меtаlliса Ø20 х 10 см"}, {"id": 834, "store": "Kaufland", "raw_name": "ВRIО Тенджера Меtаlliса\n4,2 л, Ø22 х 11 см", "clean_name": "ВRIО Тенджера Меtаlliса 4,2 л, Ø22 х 11 см", "brand": "BRIO", "description": "Тенджера Меtаlliса 4,2 л, Ø22 х 11 см", "quantity_value": 4.2, "quantity_unit": "L", "category": "kitchenware", "price": 20.99, "old_price": null, "discount_pct": 0, "unit_price": 5.0, "unit_price_base": "L", "image_url": null, "validation_errors": [], "name": "ВRIО Тенджера Меtаlliса 4,2 л, Ø22 х 11 см"}, {"id": 835, "store": "Kaufland", "raw_name": "ВRIО Тенджера Меtаlliса\n5,3 л, Ø24 х 12 см", "clean_name": "ВRIО Тенджера Меtаlliса 5,3 л, Ø24 х 12 см", "brand": "BRIO", "description": "Тенджера Меtаlliса 5,3 л, Ø24 х 12 см", "quantity_value": 5.3, "quantity_unit": "L", "category": "kitchenware", "price": 22.98, "old_price": null, "discount_pct": 0, "unit_price": 4.34, "unit_price_base": "L", "image_url": null, "validation_errors": [], "name": "ВRIО Тенджера Меtаlliса 5,3 л, Ø24 х 12 см"}, {"id": 836, "store": "Kaufland", "raw_name": "ВRIО Нож за белене Меtаlliса\n9 см", "clean_name": "ВRIО Нож за белене Меtаlliса 9 см", "brand": "BRIO", "description": "Нож за белене Меtаlliса 9 см", "quantity_value": null, "quantity_unit": null, "category": "kitchenware", "price": 4.79, "old_price": null, "discount_pct": 0, "unit_price": null, "unit_price_base": null, "image_url": null, "validation_errors": [], "name": "ВRIО Нож за белене Меtаlliса 9 см"}, {"id": 837, "store": "Kaufland", "raw_name": "ВRIО Нож Меtаlliса\nразлични видове", "clean_name": "ВRIО Нож Меtаlliса", "brand": "BRIO", "description": "Нож Меtаlliса", "quantity_value": null, "quantity_unit": null, "category": "kitchenware", "price": 7.49, "old_price": null, "discount_pct": 0, "unit_price": null, "unit_price_base": null, "image_url": null, "validation_errors": [], "name": "ВRIО Нож Меtаlliса"}, {"id": 838, "store": "Kaufland", "raw_name": "ВRIО Нож на главния готвач\nМеtаlliса", "clean_name": "ВRIО Нож на главния готвач Меtаlliса", "brand": "BRIO", "description": "Нож на главния готвач Меtаlliса", "quantity_value": null, "quantity_unit": null, "category": "kitchenware", "price": 7.49, "old_price": null, "discount_pct": 0, "unit_price": null, "unit_price_base": null, "image_url": null, "validation_errors": [], "name": "ВRIО Нож на главния готвач Меtаlliса"}, {"id": 839, "store": "Kaufland", "raw_name": "ВRIО Нож за месо Меtаlliса", "clean_name": "ВRIО Нож за месо Меtаlliса", "brand": "BRIO", "description": "Нож за месо Меtаlliса", "quantity_value": null, "quantity_unit": null, "category": "meat", "price": 6.79, "old_price": null, "discount_pct": 0, "unit_price": null, "unit_price_base": null, "image_url": null, "validation_errors": [], "name": "ВRIО Нож за месо Меtаlliса"}, {"id": 840, "store": "Kaufland", "raw_name": "ВRIО Точило за ножове\n13 х 7 см", "clean_name": "ВRIО Точило за ножове 13 х 7 см", "brand": "BRIO", "description": "Точило за ножове 13 х 7 см", "quantity_value": null, "quantity_unit": null, "category": "kitchenware", "price": 9.49, "old_price": null, "discount_pct": 0, "unit_price": null, "unit_price_base": null, "image_url": null, "validation_errors": [], "name": "ВRIО Точило за ножове 13 х 7 см"}, {"id": 841, "store": "Kaufland", "raw_name": "Воhеmiа Комплект чаши Соlumbа\n260 мл или 400 мл", "clean_name": "Воhеmiа Комплект чаши Соlumbа 260 мл или 400 мл", "brand": "Bohemia", "description": "Комплект чаши Соlumbа 260 мл или 400 мл", "quantity_value": 260.0, "quantity_unit": "ml", "category": "kitchenware", "price": 19.99, "old_price": null, "discount_pct": 0, "unit_price": 76.88, "unit_price_base": "L", "image_url": null, "validation_errors": [], "name": "Воhеmiа Комплект чаши Соlumbа 260 мл или 400 мл"}, {"id": 842, "store": "Kaufland", "raw_name": "Воhеmiа Комплект чаши за вино\nСоlumbа", "clean_name": "Воhеmiа Комплект чаши за вино Соlumbа", "brand": "Bohemia", "description": "Комплект чаши за вино Соlumbа", "quantity_value": null, "quantity_unit": null, "category": "alcohol", "price": 19.99, "old_price": null, "discount_pct": 0, "unit_price": null, "unit_price_base": null, "image_url": null, "validation_errors": [], "name": "Воhеmiа Комплект чаши за вино Соlumbа"}, {"id": 843, "store": "Kaufland", "raw_name": "Воhеmiа Комплект чаши Соlumbа\n6 бр.", "clean_name": "Воhеmiа Комплект чаши Соlumbа 6 бр.", "brand": "Bohemia", "description": "Комплект чаши Соlumbа 6 бр.", "quantity_value": 6.0, "quantity_unit": "pcs", "category": "kitchenware", "price": 15.98, "old_price": null, "discount_pct": 0, "unit_price": null, "unit_price_base": null, "image_url": null, "validation_errors": [], "name": "Воhеmiа Комплект чаши Соlumbа 6 бр."}, {"id": 844, "store": "Kaufland", "raw_name": "Воhеmiа Комплект чаши\nСоlumbа", "clean_name": "Воhеmiа Комплект чаши Соlumbа", "brand": "Bohemia", "description": "Комплект чаши Соlumbа", "quantity_value": null, "quantity_unit": null, "category": "kitchenware", "price": 15.98, "old_price": null, "discount_pct": 0, "unit_price": null, "unit_price_base": null, "image_url": null, "validation_errors": [], "name": "Воhеmiа Комплект чаши Соlumbа"}, {"id": 845, "store": "Kaufland", "raw_name": "Воhеmiа Комплект чаши\nза аперитив", "clean_name": "Воhеmiа Комплект чаши за аперитив", "brand": "Bohemia", "description": "Комплект чаши за аперитив", "quantity_value": null, "quantity_unit": null, "category": "kitchenware", "price": 17.49, "old_price": null, "discount_pct": 0, "unit_price": null, "unit_price_base": null, "image_url": null, "validation_errors": [], "name": "Воhеmiа Комплект чаши за аперитив"}, {"id": 846, "store": "Kaufland", "raw_name": "Аquа Помпа за вода", "clean_name": "Аquа Помпа за вода", "brand": "Aqua", "description": "Помпа за вода", "quantity_value": null, "quantity_unit": null, "category": "appliances", "price": 2.74, "old_price": null, "discount_pct": 0, "unit_price": null, "unit_price_base": null, "image_url": null, "validation_errors": [], "name": "Аquа Помпа за вода"}, {"id": 847, "store": "Kaufland", "raw_name": "Luminаrс Купа\nØ11 см", "clean_name": "Luminаrс Купа Ø11 см", "brand": "Luminarc", "description": "Купа Ø11 см", "quantity_value": null, "quantity_unit": null, "category": "kitchenware", "price": 2.68, "old_price": null, "discount_pct": 0, "unit_price": null, "unit_price_base": null, "image_url": null, "validation_errors": [], "name": "Luminаrс Купа Ø11 см"}, {"id": 848, "store": "Kaufland", "raw_name": "Шкаф", "clean_name": "Шкаф", "brand": "Шкаф", "description": "", "quantity_value": null, "quantity_unit": null, "category": "storage", "price": 37.98, "old_price": null, "discount_pct": 0, "unit_price": null, "unit_price_base": null, "image_url": null, "validation_errors": [], "name": "Шкаф"}, {"id": 849, "store": "Kaufland", "raw_name": "Мuhlеr Табуретка\n37,5 х 38 х 38 см", "clean_name": "Мuhlеr Табуретка 37,5 х 38 х 38 см", "brand": "Muhler", "description": "Табуретка 37,5 х 38 х 38 см", "quantity_value": null, "quantity_unit": null, "category": "kitchenware", "price": 18.99, "old_price": null, "discount_pct": 0, "unit_price": null, "unit_price_base": null, "image_url": null, "validation_errors": [], "name": "Мuhlеr Табуретка 37,5 х 38 х 38 см"}, {"id": 850, "store": "Kaufland", "raw_name": "ВRIО Сушилник Rоssо\nобща дължина 18 м", "clean_name": "ВRIО Сушилник Rоssо обща дължина 18 м", "brand": "BRIO", "description": "Сушилник Rоssо обща дължина 18 м", "quantity_value": null, "quantity_unit": null, "category": "kitchenware", "price": 14.98, "old_price": null, "discount_pct": 0, "unit_price": null, "unit_price_base": null, "image_url": null, "validation_errors": [], "name": "ВRIО Сушилник Rоssо обща дължина 18 м"}, {"id": 851, "store": "Kaufland", "raw_name": "ВRIО Термобутилка", "clean_name": "ВRIО Термобутилка", "brand": "BRIO", "description": "Термобутилка", "quantity_value": null, "quantity_unit": null, "category": "meat", "price": 2.48, "old_price": null, "discount_pct": 0, "unit_price": null, "unit_price_base": null, "image_url": null, "validation_errors": [], "name": "ВRIО Термобутилка"}, {"id": 852, "store": "Kaufland", "raw_name": "Кабели за ток 600 А, дължина 3,5 м", "clean_name": "Кабели за ток 600 А, дължина 3,5 м", "brand": null, "description": "Кабели за ток 600 А, дължина 3,5 м", "quantity_value": null, "quantity_unit": null, "category": "automotive", "price": 14.98, "old_price": null, "discount_pct": 0, "unit_price": null, "unit_price_base": null, "image_url": null, "validation_errors": [], "name": "Кабели за ток 600 А, дължина 3,5 м"}, {"id": 853, "store": "Kaufland", "raw_name": "Luminаrс Чаша за топли\nнапитки Flаshу", "clean_name": "Luminаrс Чаша за топли напитки Flаshу", "brand": "Luminarc", "description": "Чаша за топли напитки Flаshу", "quantity_value": null, "quantity_unit": null, "category": "kitchenware", "price": 3.99, "old_price": null, "discount_pct": 0, "unit_price": null, "unit_price_base": null, "image_url": null, "validation_errors": [], "name": "Luminаrс Чаша за топли напитки Flаshу"}, {"id": 854, "store": "Kaufland", "raw_name": "ВRIО Ръчен чопър Еаsу&Соsу\n650 мл", "clean_name": "ВRIО Ръчен чопър Еаsу&Соsу 650 мл", "brand": "BRIO", "description": "Ръчен чопър Еаsу&Соsу 650 мл", "quantity_value": 650.0, "quantity_unit": "ml", "category": "appliances", "price": 5.98, "old_price": null, "discount_pct": 0, "unit_price": 9.2, "unit_price_base": "L", "image_url": null, "validation_errors": [], "name": "ВRIО Ръчен чопър Еаsу&Соsу 650 мл"}, {"id": 855, "store": "Kaufland", "raw_name": "Раrksidе® Регулируем трион", "clean_name": "Раrksidе® Регулируем трион", "brand": "Parkside", "description": "® Регулируем трион", "quantity_value": null, "quantity_unit": null, "category": "tools", "price": 5.98, "old_price": null, "discount_pct": 0, "unit_price": null, "unit_price_base": null, "image_url": null, "validation_errors": [], "name": "Раrksidе® Регулируем трион"}, {"id": 856, "store": "Kaufland", "raw_name": "РАRКSIDЕ® Маса за оберфреза", "clean_name": "РАRКSIDЕ® Маса за оберфреза", "brand": "Parkside", "description": "® Маса за оберфреза", "quantity_value": null, "quantity_unit": null, "category": "tools", "price": 199.91, "old_price": null, "discount_pct": 0, "unit_price": null, "unit_price_base": null, "image_url": null, "validation_errors": [], "name": "РАRКSIDЕ® Маса за оберфреза"}, {"id": 857, "store": "Kaufland", "raw_name": "Сами-М Пилешки шницели панирани\nзамразени", "clean_name": "Сами-М Пилешки шницели панирани замразени", "brand": "Сами", "description": "М Пилешки шницели панирани замразени", "quantity_value": null, "quantity_unit": null, "category": "frozen", "price": 12.48, "old_price": null, "discount_pct": 0, "unit_price": null, "unit_price_base": null, "image_url": null, "validation_errors": [], "name": "Сами-М Пилешки шницели панирани замразени"}, {"id": 858, "store": "Kaufland", "raw_name": "Фамилия Бутертесто\nзамразено", "clean_name": "Фамилия Бутертесто замразено", "brand": "Фамилия", "description": "Бутертесто замразено", "quantity_value": null, "quantity_unit": null, "category": "meat", "price": 7.49, "old_price": null, "discount_pct": 0, "unit_price": null, "unit_price_base": null, "image_url": null, "validation_errors": [], "name": "Фамилия Бутертесто замразено"}, {"id": 859, "store": "Kaufland", "raw_name": "Зафирови Кашкавал\nот краве мляко", "clean_name": "Зафирови Кашкавал от краве мляко", "brand": "Зафирови", "description": "Кашкавал от краве мляко", "quantity_value": null, "quantity_unit": null, "category": "dairy", "price": 12.99, "old_price": null, "discount_pct": 0, "unit_price": null, "unit_price_base": null, "image_url": null, "validation_errors": [], "name": "Зафирови Кашкавал от краве мляко"}, {"id": 860, "store": "Kaufland", "raw_name": "ПОБЕДА ИЗГРЕВ Обикновени бисквити", "clean_name": "ПОБЕДА ИЗГРЕВ Обикновени бисквити", "brand": "Победа", "description": "ИЗГРЕВ Обикновени бисквити", "quantity_value": null, "quantity_unit": null, "category": "snacks", "price": 2.7, "old_price": null, "discount_pct": 0, "unit_price": null, "unit_price_base": null, "image_url": null, "validation_errors": [], "name": "ПОБЕДА ИЗГРЕВ Обикновени бисквити"}, {"id": 861, "store": "Kaufland", "raw_name": "Nаturа Леща екстра", "clean_name": "Nаturа Леща екстра", "brand": "Natura", "description": "Леща екстра", "quantity_value": null, "quantity_unit": null, "category": "pantry", "price": 3.38, "old_price": null, "discount_pct": 0, "unit_price": null, "unit_price_base": null, "image_url": null, "validation_errors": [], "name": "Nаturа Леща екстра"}, {"id": 862, "store": "Kaufland", "raw_name": "Мilkа Млечен шоколад\nразлични видове", "clean_name": "Мilkа Млечен шоколад", "brand": "Milka", "description": "Млечен шоколад", "quantity_value": null, "quantity_unit": null, "category": "snacks", "price": 6.3, "old_price": null, "discount_pct": 0, "unit_price": null, "unit_price_base": null, "image_url": null, "validation_errors": [], "name": "Мilkа Млечен шоколад"}, {"id": 863, "store": "Kaufland", "raw_name": "Мilkа Шоколад\nразлични видове", "clean_name": "Мilkа Шоколад", "brand": "Milka", "description": "Шоколад", "quantity_value": null, "quantity_unit": null, "category": "snacks", "price": 1.72, "old_price": null, "discount_pct": 0, "unit_price": null, "unit_price_base": null, "image_url": null, "validation_errors": [], "name": "Мilkа Шоколад"}, {"id": 864, "store": "Kaufland", "raw_name": "МILКА Млечен шоколад", "clean_name": "МILКА Млечен шоколад", "brand": "Milka", "description": "Млечен шоколад", "quantity_value": null, "quantity_unit": null, "category": "snacks", "price": 3.34, "old_price": null, "discount_pct": 0, "unit_price": null, "unit_price_base": null, "image_url": null, "validation_errors": [], "name": "МILКА Млечен шоколад"}, {"id": 865, "store": "Kaufland", "raw_name": "Мilkа Шоколад\nизбрани видове", "clean_name": "Мilkа Шоколад", "brand": "Milka", "description": "Шоколад", "quantity_value": null, "quantity_unit": null, "category": "snacks", "price": 3.48, "old_price": null, "discount_pct": 0, "unit_price": null, "unit_price_base": null, "image_url": null, "validation_errors": [], "name": "Мilkа Шоколад"}, {"id": 866, "store": "Kaufland", "raw_name": "Мilkа Шоколад\nразлични вкусове", "clean_name": "Мilkа Шоколад", "brand": "Milka", "description": "Шоколад", "quantity_value": null, "quantity_unit": null, "category": "snacks", "price": 3.48, "old_price": null, "discount_pct": 0, "unit_price": null, "unit_price_base": null, "image_url": null, "validation_errors": [], "name": "Мilkа Шоколад"}, {"id": 867, "store": "Kaufland", "raw_name": "Мilkа Бисквити\nСhосоminis", "clean_name": "Мilkа Бисквити Сhосоminis", "brand": "Milka", "description": "Бисквити Сhосоminis", "quantity_value": null, "quantity_unit": null, "category": "snacks", "price": 2.78, "old_price": null, "discount_pct": 0, "unit_price": null, "unit_price_base": null, "image_url": null, "validation_errors": [], "name": "Мilkа Бисквити Сhосоminis"}, {"id": 868, "store": "Kaufland", "raw_name": "Мilkа Бисквити\nразлични видове", "clean_name": "Мilkа Бисквити", "brand": "Milka", "description": "Бисквити", "quantity_value": null, "quantity_unit": null, "category": "snacks", "price": 2.78, "old_price": null, "discount_pct": 0, "unit_price": null, "unit_price_base": null, "image_url": null, "validation_errors": [], "name": "Мilkа Бисквити", "group_id": "g_8e296a06"}, {"id": 869, "store": "Kaufland", "raw_name": "Мilkа Млечен шоколад\nмалина", "clean_name": "Мilkа Млечен шоколад малина", "brand": "Milka", "description": "Млечен шоколад малина", "quantity_value": null, "quantity_unit": null, "category": "snacks", "price": 3.34, "old_price": null, "discount_pct": 0, "unit_price": null, "unit_price_base": null, "image_url": null, "validation_errors": [], "name": "Мilkа Млечен шоколад малина"}, {"id": 870, "store": "Kaufland", "raw_name": "Мilkа Млечен шоколад\nразлични вкусове", "clean_name": "Мilkа Млечен шоколад", "brand": "Milka", "description": "Млечен шоколад", "quantity_value": null, "quantity_unit": null, "category": "snacks", "price": 9.08, "old_price": null, "discount_pct": 0, "unit_price": null, "unit_price_base": null, "image_url": null, "validation_errors": [], "name": "Мilkа Млечен шоколад"}, {"id": 871, "store": "Kaufland", "raw_name": "МILКА МММАХ Шоколад\nразлични видове", "clean_name": "МILКА МММАХ Шоколад", "brand": "Milka", "description": "МММАХ Шоколад", "quantity_value": null, "quantity_unit": null, "category": "snacks", "price": 9.08, "old_price": null, "discount_pct": 0, "unit_price": null, "unit_price_base": null, "image_url": null, "validation_errors": [], "name": "МILКА МММАХ Шоколад"}, {"id": 872, "store": "Kaufland", "raw_name": "Мilkа Шоколад", "clean_name": "Мilkа Шоколад", "brand": "Milka", "description": "Шоколад", "quantity_value": null, "quantity_unit": null, "category": "snacks", "price": 9.08, "old_price": null, "discount_pct": 0, "unit_price": null, "unit_price_base": null, "image_url": null, "validation_errors": [], "name": "Мilkа Шоколад"}, {"id": 873, "store": "Kaufland", "raw_name": "Мilkа Бисквити Сооkiеs Sеnsаtiоns\nразлични видове", "clean_name": "Мilkа Бисквити Сооkiеs Sеnsаtiоns", "brand": "Milka", "description": "Бисквити Сооkiеs Sеnsаtiоns", "quantity_value": null, "quantity_unit": null, "category": "snacks", "price": 4.11, "old_price": null, "discount_pct": 0, "unit_price": null, "unit_price_base": null, "image_url": null, "validation_errors": [], "name": "Мilkа Бисквити Сооkiеs Sеnsаtiоns"}, {"id": 874, "store": "Kaufland", "raw_name": "Мilkа Бисквити\nизбрани видове", "clean_name": "Мilkа Бисквити", "brand": "Milka", "description": "Бисквити", "quantity_value": null, "quantity_unit": null, "category": "snacks", "price": 4.11, "old_price": null, "discount_pct": 0, "unit_price": null, "unit_price_base": null, "image_url": null, "validation_errors": [], "name": "Мilkа Бисквити"}, {"id": 875, "store": "Kaufland", "raw_name": "Мilkа Бисквити\nСhос&Сhос", "clean_name": "Мilkа Бисквити Сhос&Сhос", "brand": "Milka", "description": "Бисквити Сhос&Сhос", "quantity_value": null, "quantity_unit": null, "category": "snacks", "price": 4.11, "old_price": null, "discount_pct": 0, "unit_price": null, "unit_price_base": null, "image_url": null, "validation_errors": [], "name": "Мilkа Бисквити Сhос&Сhос"}, {"id": 876, "store": "Kaufland", "raw_name": "Мilkа Бисквити или Пръчици\nизбрани видове", "clean_name": "Мilkа Бисквити или Пръчици", "brand": "Milka", "description": "Бисквити или Пръчици", "quantity_value": null, "quantity_unit": null, "category": "snacks", "price": 2.78, "old_price": null, "discount_pct": 0, "unit_price": null, "unit_price_base": null, "image_url": null, "validation_errors": [], "name": "Мilkа Бисквити или Пръчици"}, {"id": 877, "store": "Kaufland", "raw_name": "Еti Рорkеk Кейк\nразлични видове", "clean_name": "Еti Рорkеk Кейк", "brand": "ETI", "description": "Рорkеk Кейк", "quantity_value": null, "quantity_unit": null, "category": "snacks", "price": 4.19, "old_price": null, "discount_pct": 0, "unit_price": null, "unit_price_base": null, "image_url": null, "validation_errors": [], "name": "Еti Рорkеk Кейк"}, {"id": 878, "store": "Kaufland", "raw_name": "Rоshеn Аерошоколад\nразлични видове", "clean_name": "Rоshеn Аерошоколад", "brand": "Roshen", "description": "Аерошоколад", "quantity_value": null, "quantity_unit": null, "category": "snacks", "price": 3.19, "old_price": null, "discount_pct": 0, "unit_price": null, "unit_price_base": null, "image_url": null, "validation_errors": [], "name": "Rоshеn Аерошоколад"}, {"id": 879, "store": "Kaufland", "raw_name": "Саяна Кисело мляко", "clean_name": "Саяна Кисело мляко", "brand": "Саяна", "description": "Кисело мляко", "quantity_value": null, "quantity_unit": null, "category": "dairy", "price": 3.6, "old_price": null, "discount_pct": 0, "unit_price": null, "unit_price_base": null, "image_url": null, "validation_errors": [], "name": "Саяна Кисело мляко"}, {"id": 880, "store": "Kaufland", "raw_name": "КИСЕЛОВО Сирене\nот краве мляко", "clean_name": "КИСЕЛОВО Сирене от краве мляко", "brand": "Киселово", "description": "Сирене от краве мляко", "quantity_value": null, "quantity_unit": null, "category": "dairy", "price": 14.98, "old_price": null, "discount_pct": 0, "unit_price": null, "unit_price_base": null, "image_url": null, "validation_errors": [], "name": "КИСЕЛОВО Сирене от краве мляко"}, {"id": 881, "store": "Kaufland", "raw_name": "ВЕLIISА Едам, Гауда или Ементалер\nслайс", "clean_name": "ВЕLIISА Едам, Гауда или Ементалер слайс", "brand": "Beliisa", "description": "Едам, Гауда или Ементалер слайс", "quantity_value": null, "quantity_unit": null, "category": "dairy", "price": 4.99, "old_price": null, "discount_pct": 0, "unit_price": null, "unit_price_base": null, "image_url": null, "validation_errors": [], "name": "ВЕLIISА Едам, Гауда или Ементалер слайс"}, {"id": 882, "store": "Kaufland", "raw_name": "Тандем Бекон", "clean_name": "Тандем Бекон", "brand": "Тандем", "description": "Бекон", "quantity_value": null, "quantity_unit": null, "category": "meat", "price": 8.0, "old_price": null, "discount_pct": 0, "unit_price": null, "unit_price_base": null, "image_url": null, "validation_errors": [], "name": "Тандем Бекон"}, {"id": 883, "store": "Kaufland", "raw_name": "Мilkа/ Оrео/ Тоblеrоnе Сладолед\nразлични вкусове", "clean_name": "Мilkа/ Оrео/ Тоblеrоnе Сладолед", "brand": "Oreo", "description": "Мilkа/ / Тоblеrоnе Сладолед", "quantity_value": null, "quantity_unit": null, "category": "frozen", "price": 5.98, "old_price": null, "discount_pct": 0, "unit_price": null, "unit_price_base": null, "image_url": null, "validation_errors": [], "name": "Мilkа/ Оrео/ Тоblеrоnе Сладолед"}, {"id": 884, "store": "Kaufland", "raw_name": "Вrеf WС Блокче Рrеmium\nразлични видове", "clean_name": "Вrеf WС Блокче Рrеmium", "brand": "Bref", "description": "Вrеf WС Блокче", "quantity_value": null, "quantity_unit": null, "category": "household", "price": 12.99, "old_price": null, "discount_pct": 0, "unit_price": null, "unit_price_base": null, "image_url": null, "validation_errors": [], "name": "Вrеf WС Блокче Рrеmium"}, {"id": 885, "store": "Kaufland", "raw_name": "Шуменско Бира", "clean_name": "Шуменско Бира", "brand": "Шуменско", "description": "Бира", "quantity_value": null, "quantity_unit": null, "category": "alcohol", "price": 11.97, "old_price": null, "discount_pct": 0, "unit_price": null, "unit_price_base": null, "image_url": null, "validation_errors": [], "name": "Шуменско Бира"}, {"id": 886, "store": "Kaufland", "raw_name": "Минзухар", "clean_name": "Минзухар", "brand": "Минзухар", "description": "", "quantity_value": null, "quantity_unit": null, "category": "other", "price": 2.99, "old_price": null, "discount_pct": 0, "unit_price": null, "unit_price_base": null, "image_url": null, "validation_errors": [], "name": "Минзухар"}, {"id": 887, "store": "Kaufland", "raw_name": "Миниорхидея в керамика", "clean_name": "Миниорхидея в керамика", "brand": null, "description": "Миниорхидея в керамика", "quantity_value": null, "quantity_unit": null, "category": "garden", "price": 13.98, "old_price": null, "discount_pct": 0, "unit_price": null, "unit_price_base": null, "image_url": null, "validation_errors": [], "name": "Миниорхидея в керамика"}, {"id": 888, "store": "Kaufland", "raw_name": "Синя орхидея Фаленопсис в керамична кашпа", "clean_name": "Синя орхидея Фаленопсис в керамична кашпа", "brand": "Орхидея", "description": "Синя  Фаленопсис в керамична кашпа", "quantity_value": null, "quantity_unit": null, "category": "garden", "price": 29.98, "old_price": null, "discount_pct": 0, "unit_price": null, "unit_price_base": null, "image_url": null, "validation_errors": [], "name": "Синя орхидея Фаленопсис в керамична кашпа"}, {"id": 889, "store": "Kaufland", "raw_name": "Орхидея Фаленопсис Ø12 см", "clean_name": "Орхидея Фаленопсис Ø12 см", "brand": "Орхидея", "description": "Фаленопсис Ø12 см", "quantity_value": null, "quantity_unit": null, "category": "garden", "price": 15.98, "old_price": null, "discount_pct": 0, "unit_price": null, "unit_price_base": null, "image_url": null, "validation_errors": [], "name": "Орхидея Фаленопсис Ø12 см"}, {"id": 890, "store": "Kaufland", "raw_name": "Роза микс Ø10,5 см", "clean_name": "Роза микс Ø10,5 см", "brand": "Микс", "description": "Роза  Ø10,5 см", "quantity_value": null, "quantity_unit": null, "category": "produce", "price": 6.28, "old_price": null, "discount_pct": 0, "unit_price": null, "unit_price_base": null, "image_url": null, "validation_errors": [], "name": "Роза микс Ø10,5 см"}, {"id": 891, "store": "Kaufland", "raw_name": "Камелия Градинско растение", "clean_name": "Камелия Градинско растение", "brand": null, "description": "Камелия Градинско растение", "quantity_value": null, "quantity_unit": null, "category": "garden", "price": 17.99, "old_price": null, "discount_pct": 0, "unit_price": null, "unit_price_base": null, "image_url": null, "validation_errors": [], "name": "Камелия Градинско растение"}, {"id": 898, "store": "Lidl", "raw_name": "Ритуална свещ", "clean_name": "Ритуална свещ", "brand": "Fed", "description": "Ритуална свещ", "quantity_value": null, "quantity_unit": null, "category": "decor", "price": 0.76, "old_price": null, "discount_pct": 0, "unit_price": null, "unit_price_base": null, "image_url": null, "validation_errors": [], "name": "Ритуална свещ"}, {"id": 899, "store": "Lidl", "raw_name": "LЕD часовник", "clean_name": "LЕD часовник", "brand": "DP-1", "description": "LЕD часовник", "quantity_value": null, "quantity_unit": null, "category": "electronics", "price": 11.75, "old_price": null, "discount_pct": 0, "unit_price": null, "unit_price_base": null, "image_url": null, "validation_errors": [], "name": "LЕD часовник"}, {"id": 900, "store": "Lidl", "raw_name": "Разклонител с USВ портове", "clean_name": "Разклонител с USВ портове", "brand": "FIRSTRATE", "description": "Разклонител с USВ портове", "quantity_value": null, "quantity_unit": null, "category": "electronics", "price": 12.78, "old_price": null, "discount_pct": 0, "unit_price": null, "unit_price_base": null, "image_url": null, "validation_errors": [], "name": "Разклонител с USВ портове"}, {"id": 903, "store": "Lidl", "raw_name": "Кабел за зареждане и пренос на данни", "clean_name": "Кабел за зареждане и пренос на данни", "brand": "Tronic", "description": "Кабел за зареждане и пренос на данни", "quantity_value": null, "quantity_unit": null, "category": "electronics", "price": 1.78, "old_price": null, "discount_pct": 0, "unit_price": null, "unit_price_base": null, "image_url": null, "validation_errors": [], "name": "Кабел за зареждане и пренос на данни"}, {"id": 904, "store": "Lidl", "raw_name": "Шредер", "clean_name": "Шредер", "brand": "Tronic", "description": "Шредер", "quantity_value": null, "quantity_unit": null, "category": "office", "price": 14.31, "old_price": null, "discount_pct": 0, "unit_price": null, "unit_price_base": null, "image_url": null, "validation_errors": [], "name": "Шредер"}, {"id": 905, "store": "Lidl", "raw_name": "Батерии тип „копче“", "clean_name": "Батерии тип „копче“", "brand": "Tronic", "description": "Батерии тип „копче“", "quantity_value": null, "quantity_unit": null, "category": "electronics", "price": 1.02, "old_price": null, "discount_pct": 0, "unit_price": null, "unit_price_base": null, "image_url": null, "validation_errors": [], "name": "Батерии тип „копче“"}, {"id": 920, "store": "Lidl", "raw_name": "Говежди или хамбургски колбас", "clean_name": "Говежди или хамбургски колбас", "brand": "РОДНА СТРЯХА", "description": "Говежди или хамбургски колбас", "quantity_value": null, "quantity_unit": null, "category": "meat", "price": 8.69, "old_price": null, "discount_pct": 0, "unit_price": null, "unit_price_base": null, "image_url": null, "validation_errors": [], "name": "Говежди или хамбургски колбас"}, {"id": 921, "store": "Lidl", "raw_name": "Кайма", "clean_name": "Кайма", "brand": null, "description": "Кайма", "quantity_value": null, "quantity_unit": null, "category": "meat", "price": 0.97, "old_price": null, "discount_pct": 0, "unit_price": null, "unit_price_base": null, "image_url": null, "validation_errors": [], "name": "Кайма"}, {"id": 922, "store": "Lidl", "raw_name": "Моцарела ХХL", "clean_name": "Моцарела ХХL", "brand": "Milbona", "description": "Моцарела ХХL", "quantity_value": null, "quantity_unit": null, "category": "dairy", "price": 5.87, "old_price": null, "discount_pct": 0, "unit_price": null, "unit_price_base": null, "image_url": null, "validation_errors": [], "name": "Моцарела ХХL"}, {"id": 923, "store": "Lidl", "raw_name": "Тортила питки", "clean_name": "Тортила питки", "brand": "Snack", "description": "Тортила питки", "quantity_value": null, "quantity_unit": null, "category": "bakery", "price": 1.53, "old_price": null, "discount_pct": 0, "unit_price": null, "unit_price_base": null, "image_url": null, "validation_errors": [], "name": "Тортила питки"}, {"id": 924, "store": "Lidl", "raw_name": "Безалкохолна напитка Лимонада", "clean_name": "Безалкохолна напитка Лимонада", "brand": "Solevita", "description": "Безалкохолна напитка Лимонада", "quantity_value": null, "quantity_unit": null, "category": "beverages", "price": 1.78, "old_price": null, "discount_pct": 0, "unit_price": null, "unit_price_base": null, "image_url": null, "validation_errors": [], "name": "Безалкохолна напитка Лимонада"}, {"id": 925, "store": "Lidl", "raw_name": "Високопротеинов пудинг", "clean_name": "Високопротеинов пудинг", "brand": "Pilos", "description": "Високопротеинов пудинг", "quantity_value": null, "quantity_unit": null, "category": "beverages", "price": 1.02, "old_price": null, "discount_pct": 0, "unit_price": null, "unit_price_base": null, "image_url": null, "validation_errors": [], "name": "Високопротеинов пудинг"}, {"id": 926, "store": "Lidl", "raw_name": "Маслинова паста", "clean_name": "Маслинова паста", "brand": "Baresa", "description": "Маслинова паста", "quantity_value": null, "quantity_unit": null, "category": "pantry", "price": 1.12, "old_price": null, "discount_pct": 0, "unit_price": null, "unit_price_base": null, "image_url": null, "validation_errors": [], "name": "Маслинова паста"}, {"id": 927, "store": "Lidl", "raw_name": "Кокос или авокадо", "clean_name": "Кокос или авокадо", "brand": "Freshona", "description": "Кокос или авокадо", "quantity_value": null, "quantity_unit": null, "category": "produce", "price": 2.55, "old_price": null, "discount_pct": 0, "unit_price": null, "unit_price_base": null, "image_url": null, "validation_errors": [], "name": "Кокос или авокадо"}, {"id": 928, "store": "Lidl", "raw_name": "Сушен розмарин", "clean_name": "Сушен розмарин", "brand": "Kania", "description": "Сушен розмарин", "quantity_value": null, "quantity_unit": null, "category": "pantry", "price": 0.25, "old_price": null, "discount_pct": 0, "unit_price": null, "unit_price_base": null, "image_url": null, "validation_errors": [], "name": "Сушен розмарин"}, {"id": 929, "store": "Lidl", "raw_name": "Френски кроасани с масло", "clean_name": "Френски кроасани с масло", "brand": "ADY TO", "description": "Френски кроасани с масло", "quantity_value": null, "quantity_unit": null, "category": "bakery", "price": 3.57, "old_price": null, "discount_pct": 0, "unit_price": null, "unit_price_base": null, "image_url": null, "validation_errors": [], "name": "Френски кроасани с масло"}, {"id": 930, "store": "Lidl", "raw_name": "Мини брецели", "clean_name": "Мини брецели", "brand": "Snack", "description": "Мини брецели", "quantity_value": null, "quantity_unit": null, "category": "bakery", "price": 0.86, "old_price": null, "discount_pct": 0, "unit_price": null, "unit_price_base": null, "image_url": null, "validation_errors": [], "name": "Мини брецели"}, {"id": 931, "store": "Lidl", "raw_name": "Бира Голд", "clean_name": "Бира Голд", "brand": "Perlenbacher", "description": "Бира Голд", "quantity_value": null, "quantity_unit": null, "category": "alcohol", "price": 0.66, "old_price": null, "discount_pct": 0, "unit_price": null, "unit_price_base": null, "image_url": null, "validation_errors": [], "name": "Бира Голд"}, {"id": 933, "store": "Lidl", "raw_name": "Немска деликатесна салата с колбас", "clean_name": "Немска деликатесна салата с колбас", "brand": "Delicacy", "description": "Немска деликатесна салата с колбас", "quantity_value": null, "quantity_unit": null, "category": "meat", "price": 2.55, "old_price": null, "discount_pct": 0, "unit_price": null, "unit_price_base": null, "image_url": null, "validation_errors": [], "name": "Немска деликатесна салата с колбас"}, {"id": 934, "store": "Lidl", "raw_name": "Печени пилешки гърди", "clean_name": "Печени пилешки гърди", "brand": "PIKOK", "description": "Печени пилешки гърди", "quantity_value": null, "quantity_unit": null, "category": "meat", "price": 1.02, "old_price": null, "discount_pct": 0, "unit_price": null, "unit_price_base": null, "image_url": null, "validation_errors": [], "name": "Печени пилешки гърди"}, {"id": 935, "store": "Lidl", "raw_name": "Круши в сок от грозде", "clean_name": "Круши в сок от грозде", "brand": "Freshona", "description": "Круши в сок от грозде", "quantity_value": null, "quantity_unit": null, "category": "produce", "price": 2.55, "old_price": null, "discount_pct": 0, "unit_price": null, "unit_price_base": null, "image_url": null, "validation_errors": [], "name": "Круши в сок от грозде"}, {"id": 936, "store": "Lidl", "raw_name": "Шоколадови бонбони", "clean_name": "Шоколадови бонбони", "brand": "J.D.GROSS", "description": "Шоколадови бонбони", "quantity_value": null, "quantity_unit": null, "category": "snacks", "price": 5.11, "old_price": null, "discount_pct": 0, "unit_price": null, "unit_price_base": null, "image_url": null, "validation_errors": [], "name": "Шоколадови бонбони"}, {"id": 937, "store": "Lidl", "raw_name": "Горещ шоколад", "clean_name": "Горещ шоколад", "brand": "Bellarom", "description": "Горещ шоколад", "quantity_value": null, "quantity_unit": null, "category": "snacks", "price": 1.78, "old_price": null, "discount_pct": 0, "unit_price": null, "unit_price_base": null, "image_url": null, "validation_errors": [], "name": "Горещ шоколад"}, {"id": 938, "store": "Lidl", "raw_name": "Шоколад", "clean_name": "Шоколад", "brand": "Schogetten", "description": "Шоколад", "quantity_value": null, "quantity_unit": null, "category": "snacks", "price": 2.3, "old_price": null, "discount_pct": 0, "unit_price": null, "unit_price_base": null, "image_url": null, "validation_errors": [], "name": "Шоколад"}, {"id": 939, "store": "Lidl", "raw_name": "Газирана безалкохолна напитка", "clean_name": "Газирана безалкохолна напитка", "brand": "Siti", "description": "Газирана безалкохолна напитка", "quantity_value": null, "quantity_unit": null, "category": "beverages", "price": 0.61, "old_price": null, "discount_pct": 0, "unit_price": null, "unit_price_base": null, "image_url": null, "validation_errors": [], "name": "Газирана безалкохолна напитка"}, {"id": 940, "store": "Lidl", "raw_name": "Гел за почистване на канали", "clean_name": "Гел за почистване на канали", "brand": "W5", "description": "Гел за почистване на канали", "quantity_value": null, "quantity_unit": null, "category": "kitchenware", "price": 1.66, "old_price": null, "discount_pct": 0, "unit_price": null, "unit_price_base": null, "image_url": null, "validation_errors": [], "name": "Гел за почистване на канали"}, {"id": 941, "store": "Lidl", "raw_name": "Душ гел", "clean_name": "Душ гел", "brand": "Cien", "description": "Душ гел", "quantity_value": null, "quantity_unit": null, "category": "personal_care", "price": 1.27, "old_price": null, "discount_pct": 0, "unit_price": null, "unit_price_base": null, "image_url": null, "validation_errors": [], "name": "Душ гел"}, {"id": 942, "store": "Lidl", "raw_name": "Течен перилен препарат", "clean_name": "Течен перилен препарат", "brand": "FORMIL", "description": "Течен перилен препарат", "quantity_value": null, "quantity_unit": null, "category": "household", "price": 4.6, "old_price": null, "discount_pct": 0, "unit_price": null, "unit_price_base": null, "image_url": null, "validation_errors": [], "name": "Течен перилен препарат"}, {"id": 943, "store": "Lidl", "raw_name": "Лакомства за кучета", "clean_name": "Лакомства за кучета", "brand": "ORLANDO", "description": "Лакомства за кучета", "quantity_value": null, "quantity_unit": null, "category": "pet", "price": 1.02, "old_price": null, "discount_pct": 0, "unit_price": null, "unit_price_base": null, "image_url": null, "validation_errors": [], "name": "Лакомства за кучета"}, {"id": 944, "store": "Lidl", "raw_name": "Месо за готвене от младо телешко", "clean_name": "Месо за готвене от младо телешко", "brand": null, "description": "Месо за готвене от младо телешко", "quantity_value": null, "quantity_unit": null, "category": "meat", "price": 6.49, "old_price": null, "discount_pct": 0, "unit_price": null, "unit_price_base": null, "image_url": null, "validation_errors": [], "name": "Месо за готвене от младо телешко"}, {"id": 945, "store": "Lidl", "raw_name": "Филе от сьомга", "clean_name": "Филе от сьомга", "brand": "Salmon", "description": "Филе от сьомга", "quantity_value": null, "quantity_unit": null, "category": "meat", "price": 11.5, "old_price": null, "discount_pct": 0, "unit_price": null, "unit_price_base": null, "image_url": null, "validation_errors": [], "name": "Филе от сьомга"}, {"id": 946, "store": "Lidl", "raw_name": "Крем сирене", "clean_name": "Крем сирене", "brand": "Milbona", "description": "Крем сирене", "quantity_value": null, "quantity_unit": null, "category": "dairy", "price": 1.89, "old_price": null, "discount_pct": 0, "unit_price": null, "unit_price_base": null, "image_url": null, "validation_errors": [], "name": "Крем сирене"}, {"id": 947, "store": "Lidl", "raw_name": "Сандвич Чабата", "clean_name": "Сандвич Чабата", "brand": "Fresh", "description": "Сандвич Чабата", "quantity_value": null, "quantity_unit": null, "category": "snacks", "price": 2.55, "old_price": null, "discount_pct": 0, "unit_price": null, "unit_price_base": null, "image_url": null, "validation_errors": [], "name": "Сандвич Чабата"}, {"id": 948, "store": "Lidl", "raw_name": "Водка", "clean_name": "Водка", "brand": "Extra", "description": "Водка", "quantity_value": null, "quantity_unit": null, "category": "alcohol", "price": 7.66, "old_price": null, "discount_pct": 0, "unit_price": null, "unit_price_base": null, "image_url": null, "validation_errors": [], "name": "Водка"}, {"id": 949, "store": "Lidl", "raw_name": "Сок от плодове", "clean_name": "Сок от плодове", "brand": "Solevita", "description": "Сок от плодове", "quantity_value": null, "quantity_unit": null, "category": "beverages", "price": 3.57, "old_price": null, "discount_pct": 0, "unit_price": null, "unit_price_base": null, "image_url": null, "validation_errors": [], "name": "Сок от плодове"}, {"id": 950, "store": "Lidl", "raw_name": "Плодова напитка Портокал", "clean_name": "Плодова напитка Портокал", "brand": "Contrat", "description": "Плодова напитка Портокал", "quantity_value": null, "quantity_unit": null, "category": "beverages", "price": 1.78, "old_price": null, "discount_pct": 0, "unit_price": null, "unit_price_base": null, "image_url": null, "validation_errors": [], "name": "Плодова напитка Портокал"}, {"id": 951, "store": "Lidl", "raw_name": "Био меню", "clean_name": "Био меню", "brand": "Lupilu", "description": "Био меню", "quantity_value": null, "quantity_unit": null, "category": "baby", "price": 1.41, "old_price": null, "discount_pct": 0, "unit_price": null, "unit_price_base": null, "image_url": null, "validation_errors": [], "name": "Био меню"}, {"id": 952, "store": "Lidl", "raw_name": "Бланширани сладки картофи", "clean_name": "Бланширани сладки картофи", "brand": "Harvest", "description": "Бланширани сладки картофи", "quantity_value": null, "quantity_unit": null, "category": "produce", "price": 3.06, "old_price": null, "discount_pct": 0, "unit_price": null, "unit_price_base": null, "image_url": null, "validation_errors": [], "name": "Бланширани сладки картофи", "group_id": "g_a87ff679"}, {"id": 953, "store": "Lidl", "raw_name": "Сос Болонезе", "clean_name": "Сос Болонезе", "brand": "TCOMBINO", "description": "Сос Болонезе", "quantity_value": null, "quantity_unit": null, "category": "pantry", "price": 2.04, "old_price": null, "discount_pct": 0, "unit_price": null, "unit_price_base": null, "image_url": null, "validation_errors": [], "name": "Сос Болонезе"}, {"id": 954, "store": "Lidl", "raw_name": "Фикс за ястие", "clean_name": "Фикс за ястие", "brand": "Kania", "description": "Фикс за ястие", "quantity_value": null, "quantity_unit": null, "category": "pantry", "price": 0.76, "old_price": null, "discount_pct": 0, "unit_price": null, "unit_price_base": null, "image_url": null, "validation_errors": [], "name": "Фикс за ястие"}, {"id": 955, "store": "Lidl", "raw_name": "Соленки Панделки", "clean_name": "Соленки Панделки", "brand": "Snack", "description": "Соленки Панделки", "quantity_value": null, "quantity_unit": null, "category": "pantry", "price": 1.53, "old_price": null, "discount_pct": 0, "unit_price": null, "unit_price_base": null, "image_url": null, "validation_errors": [], "name": "Соленки Панделки"}, {"id": 956, "store": "Lidl", "raw_name": "Гофрети", "clean_name": "Гофрети", "brand": "Hranjive", "description": "Гофрети", "quantity_value": null, "quantity_unit": null, "category": "snacks", "price": 2.04, "old_price": null, "discount_pct": 0, "unit_price": null, "unit_price_base": null, "image_url": null, "validation_errors": [], "name": "Гофрети"}, {"id": 957, "store": "Lidl", "raw_name": "Шоколадови мини блокчета с кокос", "clean_name": "Шоколадови мини блокчета с кокос", "brand": "Mister", "description": "Шоколадови мини блокчета с кокос", "quantity_value": null, "quantity_unit": null, "category": "snacks", "price": 3.57, "old_price": null, "discount_pct": 0, "unit_price": null, "unit_price_base": null, "image_url": null, "validation_errors": [], "name": "Шоколадови мини блокчета с кокос"}, {"id": 958, "store": "Lidl", "raw_name": "Веган крем с лешници и какао", "clean_name": "Веган крем с лешници и какао", "brand": "VEMONDO", "description": "Веган крем с лешници и какао", "quantity_value": null, "quantity_unit": null, "category": "personal_care", "price": 3.32, "old_price": null, "discount_pct": 0, "unit_price": null, "unit_price_base": null, "image_url": null, "validation_errors": [], "name": "Веган крем с лешници и какао"}, {"id": 959, "store": "Lidl", "raw_name": "Крем сапун", "clean_name": "Крем сапун", "brand": "Cien", "description": "Крем сапун", "quantity_value": null, "quantity_unit": null, "category": "personal_care", "price": 1.22, "old_price": null, "discount_pct": 0, "unit_price": null, "unit_price_base": null, "image_url": null, "validation_errors": [], "name": "Крем сапун"}, {"id": 960, "store": "Lidl", "raw_name": "Торби за смет", "clean_name": "Торби за смет", "brand": "Bags", "description": "Торби за смет", "quantity_value": null, "quantity_unit": null, "category": "household", "price": 1.43, "old_price": null, "discount_pct": 0, "unit_price": null, "unit_price_base": null, "image_url": null, "validation_errors": [], "name": "Торби за смет"}, {"id": 961, "store": "Lidl", "raw_name": "Суха храна за котки", "clean_name": "Суха храна за котки", "brand": "Coshida", "description": "Суха храна за котки", "quantity_value": null, "quantity_unit": null, "category": "pet", "price": 4.34, "old_price": null, "discount_pct": 0, "unit_price": null, "unit_price_base": null, "image_url": null, "validation_errors": [], "name": "Суха храна за котки"}, {"id": 962, "store": "Lidl", "raw_name": "Млечна напитка", "clean_name": "Млечна напитка", "brand": "Pilos", "description": "Млечна напитка", "quantity_value": null, "quantity_unit": null, "category": "beverages", "price": 1.53, "old_price": null, "discount_pct": 0, "unit_price": null, "unit_price_base": null, "image_url": null, "validation_errors": [], "name": "Млечна напитка"}, {"id": 963, "store": "Lidl", "raw_name": "Соев йогурт", "clean_name": "Соев йогурт", "brand": "VEM CONDO", "description": "Соев йогурт", "quantity_value": null, "quantity_unit": null, "category": "dairy", "price": 1.53, "old_price": null, "discount_pct": 0, "unit_price": null, "unit_price_base": null, "image_url": null, "validation_errors": [], "name": "Соев йогурт"}, {"id": 964, "store": "Lidl", "raw_name": "Шунка", "clean_name": "Шунка", "brand": "PIKOK", "description": "Шунка", "quantity_value": null, "quantity_unit": null, "category": "meat", "price": 10.22, "old_price": null, "discount_pct": 0, "unit_price": null, "unit_price_base": null, "image_url": null, "validation_errors": [], "name": "Шунка"}, {"id": 965, "store": "Lidl", "raw_name": "Филе от минтай", "clean_name": "Филе от минтай", "brand": "CERTIFIED", "description": "Филе от минтай", "quantity_value": null, "quantity_unit": null, "category": "meat", "price": 3.57, "old_price": null, "discount_pct": 0, "unit_price": null, "unit_price_base": null, "image_url": null, "validation_errors": [], "name": "Филе от минтай"}, {"id": 966, "store": "Lidl", "raw_name": "Синьо сирене", "clean_name": "Синьо сирене", "brand": "Pilos", "description": "Синьо сирене", "quantity_value": null, "quantity_unit": null, "category": "dairy", "price": 1.63, "old_price": null, "discount_pct": 0, "unit_price": null, "unit_price_base": null, "image_url": null, "validation_errors": [], "name": "Синьо сирене"}, {"id": 967, "store": "Lidl", "raw_name": "Мляко UНТ", "clean_name": "Мляко UНТ", "brand": "Pilos", "description": "Мляко UНТ", "quantity_value": null, "quantity_unit": null, "category": "dairy", "price": 1.43, "old_price": null, "discount_pct": 0, "unit_price": null, "unit_price_base": null, "image_url": null, "validation_errors": [], "name": "Мляко UНТ"}, {"id": 968, "store": "Lidl", "raw_name": "Бургер от сьомга", "clean_name": "Бургер от сьомга", "brand": "СРЕДНИ ХРАНИТЕЛНИ", "description": "Бургер от сьомга", "quantity_value": null, "quantity_unit": null, "category": "fish", "price": 1.53, "old_price": null, "discount_pct": 0, "unit_price": null, "unit_price_base": null, "image_url": null, "validation_errors": [], "name": "Бургер от сьомга"}, {"id": 969, "store": "Lidl", "raw_name": "Лазаня", "clean_name": "Лазаня", "brand": "Lasagne", "description": "Лазаня", "quantity_value": null, "quantity_unit": null, "category": "frozen", "price": 3.06, "old_price": null, "discount_pct": 0, "unit_price": null, "unit_price_base": null, "image_url": null, "validation_errors": [], "name": "Лазаня"}, {"id": 970, "store": "Lidl", "raw_name": "Суши сет Мукава", "clean_name": "Суши сет Мукава", "brand": "SUSHI", "description": "Суши сет Мукава", "quantity_value": null, "quantity_unit": null, "category": "fish", "price": 5.62, "old_price": null, "discount_pct": 0, "unit_price": null, "unit_price_base": null, "image_url": null, "validation_errors": [], "name": "Суши сет Мукава"}, {"id": 971, "store": "Lidl", "raw_name": "Скариди", "clean_name": "Скариди", "brand": "Greenland", "description": "Скариди", "quantity_value": null, "quantity_unit": null, "category": "fish", "price": 5.11, "old_price": null, "discount_pct": 0, "unit_price": null, "unit_price_base": null, "image_url": null, "validation_errors": [], "name": "Скариди"}, {"id": 972, "store": "Lidl", "raw_name": "Филе от херинга", "clean_name": "Филе от херинга", "brand": "ФИЛЕ ОТ ХЕРИНГА", "description": "", "quantity_value": null, "quantity_unit": null, "category": "meat", "price": 1.53, "old_price": null, "discount_pct": 0, "unit_price": null, "unit_price_base": null, "image_url": null, "validation_errors": [], "name": "Филе от херинга"}, {"id": 973, "store": "Lidl", "raw_name": "Сушен босилек", "clean_name": "Сушен босилек", "brand": "Kania", "description": "Сушен босилек", "quantity_value": null, "quantity_unit": null, "category": "pantry", "price": 0.2, "old_price": null, "discount_pct": 0, "unit_price": null, "unit_price_base": null, "image_url": null, "validation_errors": [], "name": "Сушен босилек"}, {"id": 974, "store": "Lidl", "raw_name": "Шоколадови топчета Дуо", "clean_name": "Шоколадови топчета Дуо", "brand": "CROWNFIELD", "description": "Шоколадови топчета Дуо", "quantity_value": null, "quantity_unit": null, "category": "snacks", "price": 2.24, "old_price": null, "discount_pct": 0, "unit_price": null, "unit_price_base": null, "image_url": null, "validation_errors": [], "name": "Шоколадови топчета Дуо"}, {"id": 975, "store": "Lidl", "raw_name": "Джин", "clean_name": "Джин", "brand": "SAVOY", "description": "Джин", "quantity_value": null, "quantity_unit": null, "category": "alcohol", "price": 5.87, "old_price": null, "discount_pct": 0, "unit_price": null, "unit_price_base": null, "image_url": null, "validation_errors": [], "name": "Джин"}, {"id": 976, "store": "Lidl", "raw_name": "Пелин", "clean_name": "Пелин", "brand": "РОДНА СТРЯХА", "description": "Пелин", "quantity_value": null, "quantity_unit": null, "category": "alcohol", "price": 3.57, "old_price": null, "discount_pct": 0, "unit_price": null, "unit_price_base": null, "image_url": null, "validation_errors": [], "name": "Пелин"}, {"id": 977, "store": "Lidl", "raw_name": "Нектар Ябълка", "clean_name": "Нектар Ябълка", "brand": "Solevita", "description": "Нектар Ябълка", "quantity_value": null, "quantity_unit": null, "category": "beverages", "price": 2.02, "old_price": null, "discount_pct": 0, "unit_price": null, "unit_price_base": null, "image_url": null, "validation_errors": [], "name": "Нектар Ябълка"}, {"id": 978, "store": "Lidl", "raw_name": "Шоколадови мини блокчета", "clean_name": "Шоколадови мини блокчета", "brand": "Choco", "description": "Шоколадови мини блокчета", "quantity_value": null, "quantity_unit": null, "category": "snacks", "price": 3.57, "old_price": null, "discount_pct": 0, "unit_price": null, "unit_price_base": null, "image_url": null, "validation_errors": [], "name": "Шоколадови мини блокчета"}, {"id": 979, "store": "Lidl", "raw_name": "Пастет за кучета", "clean_name": "Пастет за кучета", "brand": "Paté", "description": "Пастет за кучета", "quantity_value": null, "quantity_unit": null, "category": "pet", "price": 0.61, "old_price": null, "discount_pct": 0, "unit_price": null, "unit_price_base": null, "image_url": null, "validation_errors": [], "name": "Пастет за кучета"}, {"id": 980, "store": "Lidl", "raw_name": "Паста за зъби", "clean_name": "Паста за зъби", "brand": "Herbs", "description": "Паста за зъби", "quantity_value": null, "quantity_unit": null, "category": "pantry", "price": 0.76, "old_price": null, "discount_pct": 0, "unit_price": null, "unit_price_base": null, "image_url": null, "validation_errors": [], "name": "Паста за зъби"}, {"id": 981, "store": "Lidl", "raw_name": "Носни кърпички", "clean_name": "Носни кърпички", "brand": "Floralys", "description": "Носни кърпички", "quantity_value": null, "quantity_unit": null, "category": "household", "price": 1.43, "old_price": null, "discount_pct": 0, "unit_price": null, "unit_price_base": null, "image_url": null, "validation_errors": [], "name": "Носни кърпички"}, {"id": 982, "store": "Lidl", "raw_name": "Салам", "clean_name": "Салам", "brand": "Dulano", "description": "Салам", "quantity_value": null, "quantity_unit": null, "category": "meat", "price": 2.04, "old_price": null, "discount_pct": 0, "unit_price": null, "unit_price_base": null, "image_url": null, "validation_errors": [], "name": "Салам"}, {"id": 983, "store": "Lidl", "raw_name": "Пилешки хапки", "clean_name": "Пилешки хапки", "brand": "12 CHICKEN", "description": "Пилешки хапки", "quantity_value": null, "quantity_unit": null, "category": "meat", "price": 2.55, "old_price": null, "discount_pct": 0, "unit_price": null, "unit_price_base": null, "image_url": null, "validation_errors": [], "name": "Пилешки хапки"}, {"id": 984, "store": "Lidl", "raw_name": "Маргарин", "clean_name": "Маргарин", "brand": "VitaDor", "description": "Маргарин", "quantity_value": null, "quantity_unit": null, "category": "dairy", "price": 2.04, "old_price": null, "discount_pct": 0, "unit_price": null, "unit_price_base": null, "image_url": null, "validation_errors": [], "name": "Маргарин"}, {"id": 985, "store": "Lidl", "raw_name": "Извара", "clean_name": "Извара", "brand": "Pilos", "description": "Извара", "quantity_value": null, "quantity_unit": null, "category": "dairy", "price": 2.55, "old_price": null, "discount_pct": 0, "unit_price": null, "unit_price_base": null, "image_url": null, "validation_errors": [], "name": "Извара"}, {"id": 986, "store": "Lidl", "raw_name": "Айрян", "clean_name": "Айрян", "brand": "Pilos", "description": "Айрян", "quantity_value": null, "quantity_unit": null, "category": "dairy", "price": 0.51, "old_price": null, "discount_pct": 0, "unit_price": null, "unit_price_base": null, "image_url": null, "validation_errors": [], "name": "Айрян"}, {"id": 987, "store": "Lidl", "raw_name": "Кашкавал от краве мляко", "clean_name": "Кашкавал от краве мляко", "brand": "Дни", "description": "Кашкавал от краве мляко", "quantity_value": null, "quantity_unit": null, "category": "dairy", "price": 6.64, "old_price": null, "discount_pct": 0, "unit_price": null, "unit_price_base": null, "image_url": null, "validation_errors": [], "name": "Кашкавал от краве мляко"}, {"id": 988, "store": "Lidl", "raw_name": "Бейби пеперони", "clean_name": "Бейби пеперони", "brand": "Freshona", "description": "Бейби пеперони", "quantity_value": null, "quantity_unit": null, "category": "produce", "price": 1.63, "old_price": null, "discount_pct": 0, "unit_price": null, "unit_price_base": null, "image_url": null, "validation_errors": [], "name": "Бейби пеперони"}, {"id": 989, "store": "Lidl", "raw_name": "Бланширани картофи", "clean_name": "Бланширани картофи", "brand": "Harvest", "description": "Бланширани картофи", "quantity_value": null, "quantity_unit": null, "category": "produce", "price": 2.35, "old_price": null, "discount_pct": 0, "unit_price": null, "unit_price_base": null, "image_url": null, "validation_errors": [], "name": "Бланширани картофи", "group_id": "g_d3d94468"}, {"id": 990, "store": "Lidl", "raw_name": "Мини пици Маргарита", "clean_name": "Мини пици Маргарита", "brand": "CDE", "description": "Мини пици Маргарита", "quantity_value": null, "quantity_unit": null, "category": "frozen", "price": 3.06, "old_price": null, "discount_pct": 0, "unit_price": null, "unit_price_base": null, "image_url": null, "validation_errors": [], "name": "Мини пици Маргарита"}, {"id": 991, "store": "Lidl", "raw_name": "Сушен девесил", "clean_name": "Сушен девесил", "brand": "Kania", "description": "Сушен девесил", "quantity_value": null, "quantity_unit": null, "category": "pantry", "price": 0.51, "old_price": null, "discount_pct": 0, "unit_price": null, "unit_price_base": null, "image_url": null, "validation_errors": [], "name": "Сушен девесил"}, {"id": 992, "store": "Lidl", "raw_name": "Сушен копър", "clean_name": "Сушен копър", "brand": "Kania", "description": "Сушен копър", "quantity_value": null, "quantity_unit": null, "category": "pantry", "price": 0.28, "old_price": null, "discount_pct": 0, "unit_price": null, "unit_price_base": null, "image_url": null, "validation_errors": [], "name": "Сушен копър"}, {"id": 993, "store": "Lidl", "raw_name": "Гроздова ракия", "clean_name": "Гроздова ракия", "brand": "РОДНА СТРЯХА", "description": "Гроздова ракия", "quantity_value": null, "quantity_unit": null, "category": "alcohol", "price": 7.39, "old_price": null, "discount_pct": 0, "unit_price": null, "unit_price_base": null, "image_url": null, "validation_errors": [], "name": "Гроздова ракия"}, {"id": 994, "store": "Lidl", "raw_name": "Фъстъци", "clean_name": "Фъстъци", "brand": "Alesto", "description": "Фъстъци", "quantity_value": null, "quantity_unit": null, "category": "snacks", "price": 0.51, "old_price": null, "discount_pct": 0, "unit_price": null, "unit_price_base": null, "image_url": null, "validation_errors": [], "name": "Фъстъци"}, {"id": 995, "store": "Lidl", "raw_name": "Флан Карамел", "clean_name": "Флан Карамел", "brand": "Milbona", "description": "Флан Карамел", "quantity_value": null, "quantity_unit": null, "category": "desserts", "price": 2.3, "old_price": null, "discount_pct": 0, "unit_price": null, "unit_price_base": null, "image_url": null, "validation_errors": [], "name": "Флан Карамел"}, {"id": 996, "store": "Lidl", "raw_name": "Шоколадови топчета", "clean_name": "Шоколадови топчета", "brand": "CROWNFIELD", "description": "Шоколадови топчета", "quantity_value": null, "quantity_unit": null, "category": "snacks", "price": 2.24, "old_price": null, "discount_pct": 0, "unit_price": null, "unit_price_base": null, "image_url": null, "validation_errors": [], "name": "Шоколадови топчета"}, {"id": 997, "store": "Lidl", "raw_name": "Какаови трюфели", "clean_name": "Какаови трюфели", "brand": "OOדוד רהוו ודרור", "description": "Какаови трюфели", "quantity_value": null, "quantity_unit": null, "category": "snacks", "price": 2.81, "old_price": null, "discount_pct": 0, "unit_price": null, "unit_price_base": null, "image_url": null, "validation_errors": [], "name": "Какаови трюфели"}, {"id": 998, "store": "Lidl", "raw_name": "Обикновени бисквити Мария", "clean_name": "Обикновени бисквити Мария", "brand": "Sondey", "description": "Обикновени бисквити Мария", "quantity_value": null, "quantity_unit": null, "category": "snacks", "price": 2.3, "old_price": null, "discount_pct": 0, "unit_price": null, "unit_price_base": null, "image_url": null, "validation_errors": [], "name": "Обикновени бисквити Мария"}, {"id": 999, "store": "Lidl", "raw_name": "Оризови вафли", "clean_name": "Оризови вафли", "brand": "Sondey", "description": "Оризови вафли", "quantity_value": null, "quantity_unit": null, "category": "snacks", "price": 0.76, "old_price": null, "discount_pct": 0, "unit_price": null, "unit_price_base": null, "image_url": null, "validation_errors": [], "name": "Оризови вафли"}, {"id": 1000, "store": "Lidl", "raw_name": "Лакомства за котки", "clean_name": "Лакомства за котки", "brand": "MEGA PACK", "description": "Лакомства за котки", "quantity_value": null, "quantity_unit": null, "category": "pet", "price": 1.27, "old_price": null, "discount_pct": 0, "unit_price": null, "unit_price_base": null, "image_url": null, "validation_errors": [], "name": "Лакомства за котки"}, {"id": 1001, "store": "Lidl", "raw_name": "Део рол-он", "clean_name": "Део рол-он", "brand": "Cien", "description": "Део рол-он", "quantity_value": null, "quantity_unit": null, "category": "personal_care", "price": 1.0, "old_price": null, "discount_pct": 0, "unit_price": null, "unit_price_base": null, "image_url": null, "validation_errors": [], "name": "Део рол-он"}, {"id": 1002, "store": "Lidl", "raw_name": "Салфетки", "clean_name": "Салфетки", "brand": "Floralys", "description": "Салфетки", "quantity_value": null, "quantity_unit": null, "category": "household", "price": 0.97, "old_price": null, "discount_pct": 0, "unit_price": null, "unit_price_base": null, "image_url": null, "validation_errors": [], "name": "Салфетки"}, {"id": 1003, "store": "Lidl", "raw_name": "Препарат за почистване на под", "clean_name": "Препарат за почистване на под", "brand": "W5", "description": "Препарат за почистване на под", "quantity_value": null, "quantity_unit": null, "category": "household", "price": 1.43, "old_price": null, "discount_pct": 0, "unit_price": null, "unit_price_base": null, "image_url": null, "validation_errors": [], "name": "Препарат за почистване на под"}, {"id": 1009, "store": "Lidl", "raw_name": "Седмица ХХL", "clean_name": "Седмица ХХL", "brand": "XXL", "description": "Седмица", "quantity_value": null, "quantity_unit": null, "category": "other", "price": 9.02, "old_price": null, "discount_pct": 0, "unit_price": null, "unit_price_base": null, "image_url": null, "validation_errors": [], "name": "Седмица ХХL"}, {"id": 1020, "store": "Lidl", "raw_name": "Сrivit. Find уоur mоvе", "clean_name": "Сrivit. Find уоur mоvе", "brand": "Crivit", "description": ". Find уоur mоvе", "quantity_value": null, "quantity_unit": null, "category": "clothing", "price": 16.02, "old_price": null, "discount_pct": 0, "unit_price": null, "unit_price_base": null, "image_url": null, "validation_errors": [], "name": "Сrivit. Find уоur mоvе"}, {"id": 1022, "store": "Lidl", "raw_name": "Silvеrсrеst®", "clean_name": "Silvеrсrеst®", "brand": "Silvercrest", "description": "®", "quantity_value": null, "quantity_unit": null, "category": "electronics", "price": 16.02, "old_price": null, "discount_pct": 0, "unit_price": null, "unit_price_base": null, "image_url": null, "validation_errors": [], "name": "Silvеrсrеst®"}, {"id": 1024, "store": "Lidl", "raw_name": "Еsmаrа", "clean_name": "Еsmаrа", "brand": "Esmara", "description": "", "quantity_value": null, "quantity_unit": null, "category": "clothing", "price": 16.02, "old_price": null, "discount_pct": 0, "unit_price": null, "unit_price_base": null, "image_url": null, "validation_errors": [], "name": "Еsmаrа"}, {"id": 1034, "store": "Lidl", "raw_name": "Маратонки", "clean_name": "Маратонки", "brand": "Crivit", "description": "Маратонки", "quantity_value": null, "quantity_unit": null, "category": "fish", "price": 11.24, "old_price": null, "discount_pct": 0, "unit_price": null, "unit_price_base": null, "image_url": null, "validation_errors": [], "name": "Маратонки"}, {"id": 1035, "store": "Lidl", "raw_name": "Спортни принадлежности", "clean_name": "Спортни принадлежности", "brand": "Crivit", "description": "Спортни принадлежности", "quantity_value": null, "quantity_unit": null, "category": "clothing", "price": 12.77, "old_price": null, "discount_pct": 0, "unit_price": null, "unit_price_base": null, "image_url": null, "validation_errors": [], "name": "Спортни принадлежности"}, {"id": 1036, "store": "Lidl", "raw_name": "Тениска", "clean_name": "Тениска", "brand": "Crivit", "description": "Тениска", "quantity_value": null, "quantity_unit": null, "category": "clothing", "price": 4.08, "old_price": null, "discount_pct": 0, "unit_price": null, "unit_price_base": null, "image_url": null, "validation_errors": [], "name": "Тениска"}, {"id": 1045, "store": "Lidl", "raw_name": "Плюшена играчка", "clean_name": "Плюшена играчка", "brand": "Love", "description": "Плюшена играчка", "quantity_value": null, "quantity_unit": null, "category": "toys", "price": 3.57, "old_price": null, "discount_pct": 0, "unit_price": null, "unit_price_base": null, "image_url": null, "validation_errors": [], "name": "Плюшена играчка"}, {"id": 1048, "store": "Lidl", "raw_name": "Уоки-токи", "clean_name": "Уоки-токи", "brand": "VOL", "description": "Уоки-токи", "quantity_value": null, "quantity_unit": null, "category": "toys", "price": 21.98, "old_price": null, "discount_pct": 0, "unit_price": null, "unit_price_base": null, "image_url": null, "validation_errors": [], "name": "Уоки-токи"}, {"id": 1050, "store": "Lidl", "raw_name": "Детски гумени ботуши", "clean_name": "Детски гумени ботуши", "brand": "CHASE", "description": "Детски гумени ботуши", "quantity_value": null, "quantity_unit": null, "category": "clothing", "price": 11.75, "old_price": null, "discount_pct": 0, "unit_price": null, "unit_price_base": null, "image_url": null, "validation_errors": [], "name": "Детски гумени ботуши"}, {"id": 1055, "store": "Lidl", "raw_name": "Бикини, слипове или боксери", "clean_name": "Бикини, слипове или боксери", "brand": "SELD BEARD", "description": "Бикини, слипове или боксери", "quantity_value": null, "quantity_unit": null, "category": "clothing", "price": 4.09, "old_price": null, "discount_pct": 0, "unit_price": null, "unit_price_base": null, "image_url": null, "validation_errors": [], "name": "Бикини, слипове или боксери"}, {"id": 1061, "store": "Lidl", "raw_name": "Гъба за миене на съдове ХХL", "clean_name": "Гъба за миене на съдове ХХL", "brand": "Antesto", "description": "Гъба за миене на съдове ХХL", "quantity_value": null, "quantity_unit": null, "category": "household", "price": 0.61, "old_price": null, "discount_pct": 0, "unit_price": null, "unit_price_base": null, "image_url": null, "validation_errors": [], "name": "Гъба за миене на съдове ХХL"}, {"id": 1062, "store": "Lidl", "raw_name": "Универсални мокри кърпички", "clean_name": "Универсални мокри кърпички", "brand": "ÇOK AMAÇLI", "description": "Универсални мокри кърпички", "quantity_value": null, "quantity_unit": null, "category": "household", "price": 2.55, "old_price": null, "discount_pct": 0, "unit_price": null, "unit_price_base": null, "image_url": null, "validation_errors": [], "name": "Универсални мокри кърпички"}, {"id": 1063, "store": "Lidl", "raw_name": "Препарат за съдове ХХL", "clean_name": "Препарат за съдове ХХL", "brand": "W5", "description": "Препарат за съдове ХХL", "quantity_value": null, "quantity_unit": null, "category": "household", "price": 2.55, "old_price": null, "discount_pct": 0, "unit_price": null, "unit_price_base": null, "image_url": null, "validation_errors": [], "name": "Препарат за съдове ХХL"}, {"id": 1065, "store": "Lidl", "raw_name": "Уред за варене на ориз", "clean_name": "Уред за варене на ориз", "brand": "Silvercrest", "description": "Уред за варене на ориз", "quantity_value": null, "quantity_unit": null, "category": "pantry", "price": 20.45, "old_price": null, "discount_pct": 0, "unit_price": null, "unit_price_base": null, "image_url": null, "validation_errors": [], "name": "Уред за варене на ориз"}, {"id": 1067, "store": "Lidl", "raw_name": "Препарат за пране 2 в 1", "clean_name": "Препарат за пране 2 в 1", "brand": "XXL", "description": "Препарат за пране 2 в 1", "quantity_value": null, "quantity_unit": null, "category": "household", "price": 8.94, "old_price": null, "discount_pct": 0, "unit_price": null, "unit_price_base": null, "image_url": null, "validation_errors": [], "name": "Препарат за пране 2 в 1"}, {"id": 1073, "store": "Lidl", "raw_name": "Бяло пшенично брашно", "clean_name": "Бяло пшенично брашно", "brand": "Belbake", "description": "Бяло пшенично брашно", "quantity_value": null, "quantity_unit": null, "category": "pantry", "price": 0.76, "old_price": null, "discount_pct": 0, "unit_price": null, "unit_price_base": null, "image_url": null, "validation_errors": [], "name": "Бяло пшенично брашно"}, {"id": 1077, "store": "Lidl", "raw_name": "Пресен суджук", "clean_name": "Пресен суджук", "brand": null, "description": "Пресен суджук", "quantity_value": null, "quantity_unit": null, "category": "meat", "price": 6.8, "old_price": null, "discount_pct": 0, "unit_price": null, "unit_price_base": null, "image_url": null, "validation_errors": [], "name": "Пресен суджук"}, {"id": 1078, "store": "Lidl", "raw_name": "Панирани пилешки шницели", "clean_name": "Панирани пилешки шницели", "brand": null, "description": "Панирани пилешки шницели", "quantity_value": null, "quantity_unit": null, "category": "meat", "price": 2.7, "old_price": null, "discount_pct": 0, "unit_price": null, "unit_price_base": null, "image_url": null, "validation_errors": [], "name": "Панирани пилешки шницели"}, {"id": 1079, "store": "Lidl", "raw_name": "Норвежка пушена сьомга ХХL", "clean_name": "Норвежка пушена сьомга ХХL", "brand": "TXX", "description": "Норвежка пушена сьомга ХХL", "quantity_value": null, "quantity_unit": null, "category": "fish", "price": 6.13, "old_price": null, "discount_pct": 0, "unit_price": null, "unit_price_base": null, "image_url": null, "validation_errors": [], "name": "Норвежка пушена сьомга ХХL"}, {"id": 1081, "store": "Lidl", "raw_name": "Вафли", "clean_name": "Вафли", "brand": "BAQAA", "description": "Вафли", "quantity_value": null, "quantity_unit": null, "category": "snacks", "price": 3.06, "old_price": null, "discount_pct": 0, "unit_price": null, "unit_price_base": null, "image_url": null, "validation_errors": [], "name": "Вафли"}, {"id": 1082, "store": "Lidl", "raw_name": "Шотландско уиски", "clean_name": "Шотландско уиски", "brand": "JOHNNIE WALKER", "description": "Шотландско уиски", "quantity_value": null, "quantity_unit": null, "category": "alcohol", "price": 23.51, "old_price": null, "discount_pct": 0, "unit_price": null, "unit_price_base": null, "image_url": null, "validation_errors": [], "name": "Шотландско уиски"}, {"id": 1083, "store": "Lidl", "raw_name": "Самоса", "clean_name": "Самоса", "brand": "Vitasia", "description": "Самоса", "quantity_value": null, "quantity_unit": null, "category": "frozen", "price": 2.7, "old_price": null, "discount_pct": 0, "unit_price": null, "unit_price_base": null, "image_url": null, "validation_errors": [], "name": "Самоса"}, {"id": 1084, "store": "Lidl", "raw_name": "Екзотичен сос", "clean_name": "Екзотичен сос", "brand": "Vitasia", "description": "Екзотичен сос", "quantity_value": null, "quantity_unit": null, "category": "pantry", "price": 1.27, "old_price": null, "discount_pct": 0, "unit_price": null, "unit_price_base": null, "image_url": null, "validation_errors": [], "name": "Екзотичен сос"}, {"id": 1085, "store": "Lidl", "raw_name": "Пижама", "clean_name": "Пижама", "brand": "FAMILY", "description": "Пижама", "quantity_value": null, "quantity_unit": null, "category": "clothing", "price": 9.2, "old_price": null, "discount_pct": 0, "unit_price": null, "unit_price_base": null, "image_url": null, "validation_errors": [], "name": "Пижама"}, {"id": 1086, "store": "Lidl", "raw_name": "Италианско тирамису", "clean_name": "Италианско тирамису", "brand": "Deluxe", "description": "Италианско тирамису", "quantity_value": null, "quantity_unit": null, "category": "desserts", "price": 5.11, "old_price": null, "discount_pct": 0, "unit_price": null, "unit_price_base": null, "image_url": null, "validation_errors": [], "name": "Италианско тирамису"}, {"id": 1087, "store": "Lidl", "raw_name": "Хамон Серрано", "clean_name": "Хамон Серрано", "brand": "Dulano", "description": "Хамон Серрано", "quantity_value": null, "quantity_unit": null, "category": "meat", "price": 2.55, "old_price": null, "discount_pct": 0, "unit_price": null, "unit_price_base": null, "image_url": null, "validation_errors": [], "name": "Хамон Серрано"}, {"id": 1088, "store": "Lidl", "raw_name": "Френско сирене Рокфор", "clean_name": "Френско сирене Рокфор", "brand": "Deluxe", "description": "Френско сирене Рокфор", "quantity_value": null, "quantity_unit": null, "category": "dairy", "price": 3.06, "old_price": null, "discount_pct": 0, "unit_price": null, "unit_price_base": null, "image_url": null, "validation_errors": [], "name": "Френско сирене Рокфор"}, {"id": 1089, "store": "Lidl", "raw_name": "Сира", "clean_name": "Сира", "brand": "AWC", "description": "Сира", "quantity_value": null, "quantity_unit": null, "category": "alcohol", "price": 4.09, "old_price": null, "discount_pct": 0, "unit_price": null, "unit_price_base": null, "image_url": null, "validation_errors": [], "name": "Сира"}, {"id": 1092, "store": "Lidl", "raw_name": "Зарядно устройство за акумулаторна батерия", "clean_name": "Зарядно устройство за акумулаторна батерия", "brand": "Parkside", "description": "Зарядно устройство за акумулаторна батерия", "quantity_value": null, "quantity_unit": null, "category": "electronics", "price": 12.78, "old_price": null, "discount_pct": 0, "unit_price": null, "unit_price_base": null, "image_url": null, "validation_errors": [], "name": "Зарядно устройство за акумулаторна батерия"}, {"id": 1094, "store": "Lidl", "raw_name": "Сладка царевица", "clean_name": "Сладка царевица", "brand": "Freshona", "description": "Сладка царевица", "quantity_value": null, "quantity_unit": null, "category": "canned", "price": 2.04, "old_price": null, "discount_pct": 0, "unit_price": null, "unit_price_base": null, "image_url": null, "validation_errors": [], "name": "Сладка царевица"}, {"id": 1095, "store": "Lidl", "raw_name": "Пудинг", "clean_name": "Пудинг", "brand": "Mille", "description": "Пудинг", "quantity_value": null, "quantity_unit": null, "category": "desserts", "price": 0.95, "old_price": null, "discount_pct": 0, "unit_price": null, "unit_price_base": null, "image_url": null, "validation_errors": [], "name": "Пудинг"}, {"id": 1096, "store": "Lidl", "raw_name": "Шоколадови белгийски бонбони с пълнеж", "clean_name": "Шоколадови белгийски бонбони с пълнеж", "brand": "Шоколадови", "description": "Шоколадови белгийски бонбони с пълнеж", "quantity_value": null, "quantity_unit": null, "category": "snacks", "price": 5.62, "old_price": null, "discount_pct": 0, "unit_price": null, "unit_price_base": null, "image_url": null, "validation_errors": [], "name": "Шоколадови белгийски бонбони с пълнеж"}, {"id": 1097, "store": "Lidl", "raw_name": "Разтворимо кафе 3 в 1", "clean_name": "Разтворимо кафе 3 в 1", "brand": "БРОЯ", "description": "Разтворимо кафе 3 в 1", "quantity_value": null, "quantity_unit": null, "category": "coffee", "price": 5.11, "old_price": null, "discount_pct": 0, "unit_price": null, "unit_price_base": null, "image_url": null, "validation_errors": [], "name": "Разтворимо кафе 3 в 1"}, {"id": 1098, "store": "Lidl", "raw_name": "Кайма от младо телешко", "clean_name": "Кайма от младо телешко", "brand": null, "description": "Кайма от младо телешко", "quantity_value": null, "quantity_unit": null, "category": "meat", "price": 4.85, "old_price": null, "discount_pct": 0, "unit_price": null, "unit_price_base": null, "image_url": null, "validation_errors": [], "name": "Кайма от младо телешко"}, {"id": 1099, "store": "Lidl", "raw_name": "Чоризо", "clean_name": "Чоризо", "brand": "Dulano", "description": "Чоризо", "quantity_value": null, "quantity_unit": null, "category": "pantry", "price": 2.04, "old_price": null, "discount_pct": 0, "unit_price": null, "unit_price_base": null, "image_url": null, "validation_errors": [], "name": "Чоризо"}, {"id": 1100, "store": "Lidl", "raw_name": "Домати", "clean_name": "Домати", "brand": null, "description": "Домати", "quantity_value": null, "quantity_unit": null, "category": "produce", "price": 2.99, "old_price": null, "discount_pct": 0, "unit_price": null, "unit_price_base": null, "image_url": null, "validation_errors": [], "name": "Домати", "group_id": "g_6512bd43"}, {"id": 1101, "store": "Lidl", "raw_name": "Българско червено зеле", "clean_name": "Българско червено зеле", "brand": null, "description": "Българско червено зеле", "quantity_value": null, "quantity_unit": null, "category": "produce", "price": 1.27, "old_price": null, "discount_pct": 0, "unit_price": null, "unit_price_base": null, "image_url": null, "validation_errors": [], "name": "Българско червено зеле", "group_id": "g_eccbc87e"}, {"id": 1102, "store": "Lidl", "raw_name": "Кускус", "clean_name": "Кускус", "brand": "Tiradell", "description": "Кускус", "quantity_value": null, "quantity_unit": null, "category": "pantry", "price": 0.66, "old_price": null, "discount_pct": 0, "unit_price": null, "unit_price_base": null, "image_url": null, "validation_errors": [], "name": "Кускус"}, {"id": 1103, "store": "Lidl", "raw_name": "Тоалетна хартия", "clean_name": "Тоалетна хартия", "brand": "XXXL 32+16", "description": "Тоалетна хартия", "quantity_value": null, "quantity_unit": null, "category": "household", "price": 9.71, "old_price": null, "discount_pct": 0, "unit_price": null, "unit_price_base": null, "image_url": null, "validation_errors": [], "name": "Тоалетна хартия"}, {"id": 1105, "store": "Lidl", "raw_name": "Филе от жълтоперест тон", "clean_name": "Филе от жълтоперест тон", "brand": null, "description": "Филе от жълтоперест тон", "quantity_value": null, "quantity_unit": null, "category": "meat", "price": 5.62, "old_price": null, "discount_pct": 0, "unit_price": null, "unit_price_base": null, "image_url": null, "validation_errors": [], "name": "Филе от жълтоперест тон"}, {"id": 1106, "store": "Lidl", "raw_name": "Филе от пуешко месо ХХL", "clean_name": "Филе от пуешко месо ХХL", "brand": "Dulano", "description": "Филе от пуешко месо ХХL", "quantity_value": null, "quantity_unit": null, "category": "meat", "price": 3.05, "old_price": null, "discount_pct": 0, "unit_price": null, "unit_price_base": null, "image_url": null, "validation_errors": [], "name": "Филе от пуешко месо ХХL"}, {"id": 1107, "store": "Lidl", "raw_name": "Салата микс Италиана", "clean_name": "Салата микс Италиана", "brand": "САЛАТА", "description": "микс Италиана", "quantity_value": null, "quantity_unit": null, "category": "produce", "price": 1.53, "old_price": null, "discount_pct": 0, "unit_price": null, "unit_price_base": null, "image_url": null, "validation_errors": [], "name": "Салата микс Италиана"}, {"id": 1108, "store": "Lidl", "raw_name": "Инстантно кафе Голд", "clean_name": "Инстантно кафе Голд", "brand": "Bellarom", "description": "Инстантно кафе Голд", "quantity_value": null, "quantity_unit": null, "category": "coffee", "price": 6.13, "old_price": null, "discount_pct": 0, "unit_price": null, "unit_price_base": null, "image_url": null, "validation_errors": [], "name": "Инстантно кафе Голд"}, {"id": 1109, "store": "Lidl", "raw_name": "Чипс", "clean_name": "Чипс", "brand": "MEGA PACK", "description": "Чипс", "quantity_value": null, "quantity_unit": null, "category": "snacks", "price": 3.16, "old_price": null, "discount_pct": 0, "unit_price": null, "unit_price_base": null, "image_url": null, "validation_errors": [], "name": "Чипс"}, {"id": 1110, "store": "Lidl", "raw_name": "Сладолед", "clean_name": "Сладолед", "brand": "Duc", "description": "Сладолед", "quantity_value": null, "quantity_unit": null, "category": "frozen", "price": 3.06, "old_price": null, "discount_pct": 0, "unit_price": null, "unit_price_base": null, "image_url": null, "validation_errors": [], "name": "Сладолед"}, {"id": 1111, "store": "Lidl", "raw_name": "Сладък крем за мазане", "clean_name": "Сладък крем за мазане", "brand": "Duc", "description": "Сладък крем за мазане", "quantity_value": null, "quantity_unit": null, "category": "personal_care", "price": 2.49, "old_price": null, "discount_pct": 0, "unit_price": null, "unit_price_base": null, "image_url": null, "validation_errors": [], "name": "Сладък крем за мазане"}, {"id": 1112, "store": "Lidl", "raw_name": "Сух шампоан", "clean_name": "Сух шампоан", "brand": "Cien", "description": "Сух шампоан", "quantity_value": null, "quantity_unit": null, "category": "personal_care", "price": 1.97, "old_price": null, "discount_pct": 0, "unit_price": null, "unit_price_base": null, "image_url": null, "validation_errors": [], "name": "Сух шампоан"}, {"id": 1113, "store": "Lidl", "raw_name": "Гланц за съдомиялна машина", "clean_name": "Гланц за съдомиялна машина", "brand": "W5", "description": "Гланц за съдомиялна машина", "quantity_value": null, "quantity_unit": null, "category": "appliances", "price": 1.89, "old_price": null, "discount_pct": 0, "unit_price": null, "unit_price_base": null, "image_url": null, "validation_errors": [], "name": "Гланц за съдомиялна машина"}, {"id": 1116, "store": "Lidl", "raw_name": "Акумулаторна батерия и зарядно устройство", "clean_name": "Акумулаторна батерия и зарядно устройство", "brand": "Parkside", "description": "Акумулаторна батерия и зарядно устройство", "quantity_value": null, "quantity_unit": null, "category": "electronics", "price": 16.35, "old_price": null, "discount_pct": 0, "unit_price": null, "unit_price_base": null, "image_url": null, "validation_errors": [], "name": "Акумулаторна батерия и зарядно устройство", "group_id": "g_70efdf2e"}, {"id": 1117, "store": "Lidl", "raw_name": "Работен панталон", "clean_name": "Работен панталон", "brand": "Parkside", "description": "Работен панталон", "quantity_value": null, "quantity_unit": null, "category": "clothing", "price": 11.75, "old_price": null, "discount_pct": 0, "unit_price": null, "unit_price_base": null, "image_url": null, "validation_errors": [], "name": "Работен панталон"}, {"id": 1119, "store": "Lidl", "raw_name": "Безалкохолна бира", "clean_name": "Безалкохолна бира", "brand": "ALCOHOLIC", "description": "Безалкохолна бира", "quantity_value": null, "quantity_unit": null, "category": "beverages", "price": 0.51, "old_price": null, "discount_pct": 0, "unit_price": null, "unit_price_base": null, "image_url": null, "validation_errors": [], "name": "Безалкохолна бира"}, {"id": 1120, "store": "Lidl", "raw_name": "Британски чедър", "clean_name": "Британски чедър", "brand": "Milbona", "description": "Британски чедър", "quantity_value": null, "quantity_unit": null, "category": "dairy", "price": 3.83, "old_price": null, "discount_pct": 0, "unit_price": null, "unit_price_base": null, "image_url": null, "validation_errors": [], "name": "Британски чедър"}, {"id": 1121, "store": "Lidl", "raw_name": "Моцарела", "clean_name": "Моцарела", "brand": "Milbona", "description": "Моцарела", "quantity_value": null, "quantity_unit": null, "category": "dairy", "price": 4.75, "old_price": null, "discount_pct": 0, "unit_price": null, "unit_price_base": null, "image_url": null, "validation_errors": [], "name": "Моцарела"}, {"id": 1122, "store": "Lidl", "raw_name": "Грана Падано", "clean_name": "Грана Падано", "brand": "Milbona", "description": "Грана Падано", "quantity_value": null, "quantity_unit": null, "category": "dairy", "price": 3.57, "old_price": null, "discount_pct": 0, "unit_price": null, "unit_price_base": null, "image_url": null, "validation_errors": [], "name": "Грана Падано"}, {"id": 1123, "store": "Lidl", "raw_name": "Прясна цяла патица", "clean_name": "Прясна цяла патица", "brand": "FARM", "description": "Прясна цяла патица", "quantity_value": null, "quantity_unit": null, "category": "meat", "price": 5.11, "old_price": null, "discount_pct": 0, "unit_price": null, "unit_price_base": null, "image_url": null, "validation_errors": [], "name": "Прясна цяла патица"}, {"id": 1124, "store": "Lidl", "raw_name": "Хляб с картофено пюре и лук", "clean_name": "Хляб с картофено пюре и лук", "brand": null, "description": "Хляб с картофено пюре и лук", "quantity_value": null, "quantity_unit": null, "category": "produce", "price": 1.27, "old_price": null, "discount_pct": 0, "unit_price": null, "unit_price_base": null, "image_url": null, "validation_errors": [], "name": "Хляб с картофено пюре и лук"}, {"id": 1125, "store": "Lidl", "raw_name": "Ягоди", "clean_name": "Ягоди", "brand": null, "description": "Ягоди", "quantity_value": null, "quantity_unit": null, "category": "produce", "price": 5.59, "old_price": null, "discount_pct": 0, "unit_price": null, "unit_price_base": null, "image_url": null, "validation_errors": [], "name": "Ягоди", "group_id": "g_c20ad4d7"}, {"id": 1141, "store": "Lidl", "raw_name": "Горелка или флакони с газ", "clean_name": "Горелка или флакони с газ", "brand": "UTANGAS", "description": "Горелка или флакони с газ", "quantity_value": null, "quantity_unit": null, "category": "other", "price": 12.78, "old_price": null, "discount_pct": 0, "unit_price": null, "unit_price_base": null, "image_url": null, "validation_errors": [], "name": "Горелка или флакони с газ"}, {"id": 1143, "store": "Lidl", "raw_name": "Инверторен телоподаващ заваръчен апарат", "clean_name": "Инверторен телоподаващ заваръчен апарат", "brand": "Parkside", "description": "Инверторен телоподаващ заваръчен апарат", "quantity_value": null, "quantity_unit": null, "category": "garden", "price": 92.03, "old_price": null, "discount_pct": 0, "unit_price": null, "unit_price_base": null, "image_url": null, "validation_errors": [], "name": "Инверторен телоподаващ заваръчен апарат"}, {"id": 1145, "store": "Lidl", "raw_name": "Работни чорапи", "clean_name": "Работни чорапи", "brand": "GAT", "description": "Работни чорапи", "quantity_value": null, "quantity_unit": null, "category": "clothing", "price": 6.64, "old_price": null, "discount_pct": 0, "unit_price": null, "unit_price_base": null, "image_url": null, "validation_errors": [], "name": "Работни чорапи"}, {"id": 1146, "store": "Lidl", "raw_name": "Магнитни принадлежности", "clean_name": "Магнитни принадлежности", "brand": "Parkside", "description": "Магнитни принадлежности", "quantity_value": null, "quantity_unit": null, "category": "tools", "price": 3.57, "old_price": null, "discount_pct": 0, "unit_price": null, "unit_price_base": null, "image_url": null, "validation_errors": [], "name": "Магнитни принадлежности"}, {"id": 1148, "store": "Lidl", "raw_name": "Заваръчен шлем", "clean_name": "Заваръчен шлем", "brand": "Parkside", "description": "Заваръчен шлем", "quantity_value": null, "quantity_unit": null, "category": "tools", "price": 25.56, "old_price": null, "discount_pct": 0, "unit_price": null, "unit_price_base": null, "image_url": null, "validation_errors": [], "name": "Заваръчен шлем"}, {"id": 1155, "store": "Billa", "raw_name": "Свински врат без кост За 1 кг До 5 кг на клиент на ден*", "clean_name": "Свински врат без кост", "brand": "Свински", "description": "врат без кост За 1 кг До 5 кг на клиент на ден*", "quantity_value": 1.0, "quantity_unit": "kg", "category": "meat", "price": 6.98, "old_price": null, "discount_pct": 0, "unit_price": 6.98, "unit_price_base": "kg", "image_url": null, "validation_errors": [], "name": "Свински врат без кост", "group_id": "g_6364d3f0"}, {"id": 1156, "store": "Billa", "raw_name": "Портокали За 1 кг", "clean_name": "Портокали", "brand": null, "description": "Портокали За 1 кг", "quantity_value": 1.0, "quantity_unit": "kg", "category": "produce", "price": 1.55, "old_price": null, "discount_pct": 0, "unit_price": 1.55, "unit_price_base": "kg", "image_url": null, "validation_errors": [], "name": "Портокали", "group_id": "g_8f14e45f"}, {"id": 1157, "store": "Billa", "raw_name": "Гранде кебапче От топлата витрина 1 бр. Вillа Rеаdу", "clean_name": "Гранде кебапче От топлата витрина 1 бр. Вillа Rеаdу", "brand": "Billa", "description": "Гранде кебапче От топлата витрина 1 бр.  Rеаdу", "quantity_value": 1.0, "quantity_unit": "pcs", "category": "meat", "price": 1.0, "old_price": null, "discount_pct": 0, "unit_price": null, "unit_price_base": null, "image_url": null, "validation_errors": [], "name": "Гранде кебапче От топлата витрина 1 бр. Вillа Rеаdу"}, {"id": 1158, "store": "Billa", "raw_name": "Баничка със сирене или със сирене и спанак От Вillа пекарна 125 г Произхо", "clean_name": "Баничка със сирене или със сирене и спанак 125 г Произхо", "brand": "Billa", "description": "Баничка със сирене или със сирене и спанак 125 г Произхо", "quantity_value": 125.0, "quantity_unit": "g", "category": "dairy", "price": 0.86, "old_price": null, "discount_pct": 0, "unit_price": 6.88, "unit_price_base": "kg", "image_url": null, "validation_errors": [], "name": "Баничка със сирене или със сирене и спанак 125 г Произхо"}, {"id": 1159, "store": "Billa", "raw_name": "Бадем печен За 1 кг", "clean_name": "Бадем печен", "brand": null, "description": "Бадем печен За 1 кг", "quantity_value": 1.0, "quantity_unit": "kg", "category": "snacks", "price": 19.54, "old_price": null, "discount_pct": 0, "unit_price": 19.54, "unit_price_base": "kg", "image_url": null, "validation_errors": [], "name": "Бадем печен"}, {"id": 1160, "store": "Billa", "raw_name": "Lаvаzzа Мляно кафе Сrеmа е Gustо 2 х 250 г", "clean_name": "Lаvаzzа Мляно кафе Сrеmа е Gustо 2 х 250 г", "brand": "Lavazza", "description": "Lаvаzzа Мляно кафе Сrеmа е  2 х 250 г", "quantity_value": 250.0, "quantity_unit": "g", "category": "coffee", "price": 18.17, "old_price": null, "discount_pct": 0, "unit_price": 72.68, "unit_price_base": "kg", "image_url": null, "validation_errors": [], "name": "Lаvаzzа Мляно кафе Сrеmа е Gustо 2 х 250 г"}, {"id": 1161, "store": "Billa", "raw_name": "Еmеkа Тоалетна хартия 3 пласта 32 + 8 бр. в опаковка Произход - Българи", "clean_name": "Еmеkа Тоалетна хартия 3 пласта 32 + 8 бр.", "brand": "Emeka", "description": "Тоалетна хартия 3 пласта 32 + 8 бр. в опаковка", "quantity_value": 8.0, "quantity_unit": "pcs", "category": "household", "price": 17.973802, "old_price": null, "discount_pct": 0, "unit_price": null, "unit_price_base": null, "image_url": null, "validation_errors": [], "name": "Еmеkа Тоалетна хартия 3 пласта 32 + 8 бр."}, {"id": 1162, "store": "Billa", "raw_name": "Българска ферма Пресен пилешки бут цял ХХL За 1 кг Произход - България", "clean_name": "Българска ферма Пресен пилешки бут цял ХХL", "brand": "XXL", "description": "Българска ферма Пресен пилешки бут цял  За 1 кг", "quantity_value": 1.0, "quantity_unit": "kg", "category": "meat", "price": 3.79, "old_price": null, "discount_pct": 0, "unit_price": 3.79, "unit_price_base": "kg", "image_url": null, "validation_errors": [], "name": "Българска ферма Пресен пилешки бут цял ХХL"}, {"id": 1163, "store": "Billa", "raw_name": "Lа Рrоvinсiа Пилешки грил микс маринован За 1 кг", "clean_name": "Lа Рrоvinсiа Пилешки грил микс маринован", "brand": "Provincia", "description": "Lа  Пилешки грил микс маринован За 1 кг", "quantity_value": 1.0, "quantity_unit": "kg", "category": "meat", "price": 9.99, "old_price": null, "discount_pct": 0, "unit_price": 9.99, "unit_price_base": "kg", "image_url": null, "validation_errors": [], "name": "Lа Рrоvinсiа Пилешки грил микс маринован"}, {"id": 1164, "store": "Billa", "raw_name": "Еко Мес Салам Бургас 600 г", "clean_name": "Еко Мес Салам Бургас 600 г", "brand": "Мес", "description": "Еко  Салам Бургас 600 г", "quantity_value": 600.0, "quantity_unit": "g", "category": "meat", "price": 7.3, "old_price": null, "discount_pct": 0, "unit_price": 12.17, "unit_price_base": "kg", "image_url": null, "validation_errors": [], "name": "Еко Мес Салам Бургас 600 г"}, {"id": 1165, "store": "Billa", "raw_name": "Супер цена – Деликатес Житница Варено пушен бекон ХХL слайс 500 г", "clean_name": "Супер цена – Деликатес Житница Варено пушен бекон ХХL слайс 500 г", "brand": "XXL", "description": "Супер цена – Деликатес Житница Варено пушен бекон  слайс 500 г", "quantity_value": 500.0, "quantity_unit": "g", "category": "meat", "price": 8.98, "old_price": null, "discount_pct": 0, "unit_price": 17.96, "unit_price_base": "kg", "image_url": null, "validation_errors": [], "name": "Супер цена – Деликатес Житница Варено пушен бекон ХХL слайс 500 г"}, {"id": 1166, "store": "Billa", "raw_name": "Тандем Шунка ХХL 500 г", "clean_name": "Тандем Шунка ХХL 500 г", "brand": "Тандем", "description": "Шунка ХХL 500 г", "quantity_value": 500.0, "quantity_unit": "g", "category": "meat", "price": 7.02, "old_price": null, "discount_pct": 0, "unit_price": 14.04, "unit_price_base": "kg", "image_url": null, "validation_errors": [], "name": "Тандем Шунка ХХL 500 г"}, {"id": 1167, "store": "Billa", "raw_name": "Микс кебапчета и кюфтета за скара свинско месо 960 г", "clean_name": "Микс кебапчета и кюфтета за скара свинско месо 960 г", "brand": "Микс", "description": "кебапчета и кюфтета за скара свинско месо 960 г", "quantity_value": 960.0, "quantity_unit": "g", "category": "meat", "price": 6.98, "old_price": null, "discount_pct": 0, "unit_price": 7.27, "unit_price_base": "kg", "image_url": null, "validation_errors": [], "name": "Микс кебапчета и кюфтета за скара свинско месо 960 г"}, {"id": 1168, "store": "Billa", "raw_name": "Перелик Салам Закуска ХХL 300 г", "clean_name": "Перелик Салам Закуска ХХL 300 г", "brand": "XXL", "description": "Перелик Салам Закуска  300 г", "quantity_value": 300.0, "quantity_unit": "g", "category": "meat", "price": 5.85, "old_price": null, "discount_pct": 0, "unit_price": 19.5, "unit_price_base": "kg", "image_url": null, "validation_errors": [], "name": "Перелик Салам Закуска ХХL 300 г"}, {"id": 1169, "store": "Billa", "raw_name": "Виенски шницел от контрафиле 760 г", "clean_name": "Виенски шницел от контрафиле 760 г", "brand": null, "description": "Виенски шницел от контрафиле 760 г", "quantity_value": 760.0, "quantity_unit": "g", "category": "meat", "price": 10.99, "old_price": null, "discount_pct": 0, "unit_price": 14.46, "unit_price_base": "kg", "image_url": null, "validation_errors": [], "name": "Виенски шницел от контрафиле 760 г"}, {"id": 1170, "store": "Billa", "raw_name": "Орехите Луканка Смядовска вакум 350 г", "clean_name": "Орехите Луканка Смядовска вакум 350 г", "brand": "Орехите", "description": "Луканка Смядовска вакум 350 г", "quantity_value": 350.0, "quantity_unit": "g", "category": "meat", "price": 11.99, "old_price": null, "discount_pct": 0, "unit_price": 34.26, "unit_price_base": "kg", "image_url": null, "validation_errors": [], "name": "Орехите Луканка Смядовска вакум 350 г"}, {"id": 1171, "store": "Billa", "raw_name": "Носhlаnd крема сирене 2 х 200 г", "clean_name": "Носhlаnd крема сирене 2 х 200 г", "brand": "Hochland", "description": "крема сирене 2 х 200 г", "quantity_value": 200.0, "quantity_unit": "g", "category": "dairy", "price": 7.49, "old_price": null, "discount_pct": 0, "unit_price": 37.45, "unit_price_base": "kg", "image_url": null, "validation_errors": [], "name": "Носhlаnd крема сирене 2 х 200 г"}, {"id": 1172, "store": "Billa", "raw_name": "Саmminо D'оrо Моцарела 2 х 125 г", "clean_name": "Саmminо D'оrо Моцарела 2 х 125 г", "brand": "Cammino D'oro", "description": "Моцарела 2 х 125 г", "quantity_value": 125.0, "quantity_unit": "g", "category": "dairy", "price": 4.283202, "old_price": null, "discount_pct": 0, "unit_price": 34.27, "unit_price_base": "kg", "image_url": null, "validation_errors": [], "name": "Саmminо D'оrо Моцарела 2 х 125 г"}, {"id": 1173, "store": "Billa", "raw_name": "КФМ Филе Елена ХХL слайс 300 г - Храна с традиционно специфичен характер", "clean_name": "КФМ Филе Елена ХХL слайс 300 г - Храна с традиционно специфичен характер", "brand": "XXL", "description": "КФМ Филе Елена  слайс 300 г - Храна с традиционно специфичен характер", "quantity_value": 300.0, "quantity_unit": "g", "category": "meat", "price": 12.11, "old_price": null, "discount_pct": 0, "unit_price": 40.37, "unit_price_base": "kg", "image_url": null, "validation_errors": [], "name": "КФМ Филе Елена ХХL слайс 300 г - Храна с традиционно специфичен характер"}, {"id": 1174, "store": "Billa", "raw_name": "Jоgоbеllа Йогурт 400 г", "clean_name": "Jоgоbеllа Йогурт 400 г", "brand": "Jogobella", "description": "Йогурт 400 г", "quantity_value": 400.0, "quantity_unit": "g", "category": "dairy", "price": 2.522982, "old_price": null, "discount_pct": 0, "unit_price": 6.31, "unit_price_base": "kg", "image_url": null, "validation_errors": [], "name": "Jоgоbеllа Йогурт 400 г", "group_id": "g_02e74f10"}, {"id": 1175, "store": "Billa", "raw_name": "Калиакра Сълнчогледово олио 2 л До 5 бр. на клиент*", "clean_name": "Калиакра Сълнчогледово олио 2 л До 5 бр. на клиент*", "brand": "Калиакра", "description": "Сълнчогледово олио 2 л До 5 бр. на клиент*", "quantity_value": 2.0, "quantity_unit": "L", "category": "pantry", "price": 5.5, "old_price": null, "discount_pct": 0, "unit_price": 2.75, "unit_price_base": "L", "image_url": null, "validation_errors": [], "name": "Калиакра Сълнчогледово олио 2 л До 5 бр. на клиент*"}, {"id": 1176, "store": "Billa", "raw_name": "Неinz Кетчуп оригинал 1,35 кг", "clean_name": "Неinz Кетчуп оригинал 1,35 кг", "brand": "Heinz", "description": "Кетчуп оригинал 1,35 кг", "quantity_value": 1.35, "quantity_unit": "kg", "category": "pantry", "price": 8.08, "old_price": null, "discount_pct": 0, "unit_price": 5.99, "unit_price_base": "kg", "image_url": null, "validation_errors": [], "name": "Неinz Кетчуп оригинал 1,35 кг", "group_id": "g_c74d97b0"}, {"id": 1177, "store": "Billa", "raw_name": "Мираж тунквани бисквити Макси ягода или портокал 245 г", "clean_name": "Мираж тунквани бисквити Макси ягода или портокал 245 г", "brand": null, "description": "Мираж тунквани бисквити Макси ягода или портокал 245 г", "quantity_value": 245.0, "quantity_unit": "g", "category": "snacks", "price": 2.992374, "old_price": null, "discount_pct": 0, "unit_price": 12.21, "unit_price_base": "kg", "image_url": null, "validation_errors": [], "name": "Мираж тунквани бисквити Макси ягода или портокал 245 г"}, {"id": 1178, "store": "Billa", "raw_name": "Nuсrеmа Какаов крем 1,2 кг", "clean_name": "Nuсrеmа Какаов крем 1,2 кг", "brand": "Nucrema", "description": "Какаов крем 1,2 кг", "quantity_value": 1.2, "quantity_unit": "kg", "category": "personal_care", "price": 9.994138000000001, "old_price": null, "discount_pct": 0, "unit_price": 8.33, "unit_price_base": "kg", "image_url": null, "validation_errors": [], "name": "Nuсrеmа Какаов крем 1,2 кг"}, {"id": 1179, "store": "Billa", "raw_name": "Воrn Winnеr Суроватъчен протеин на прах Шоколадов сладолед или Бисквитки", "clean_name": "Воrn Winnеr Суроватъчен протеин на прах Шоколадов сладолед или Бисквитки", "brand": null, "description": "Воrn Winnеr Суроватъчен протеин на прах Шоколадов сладолед или Бисквитки", "quantity_value": null, "quantity_unit": null, "category": "snacks", "price": 27.99, "old_price": null, "discount_pct": 0, "unit_price": null, "unit_price_base": null, "image_url": null, "validation_errors": [], "name": "Воrn Winnеr Суроватъчен протеин на прах Шоколадов сладолед или Бисквитки"}, {"id": 1180, "store": "Billa", "raw_name": "Банкя Минерална вода 6 х 1,5 л Произход - България Продукт, маркиран със", "clean_name": "Банкя Минерална вода 6 х 1,5 л Произход - България Продукт, маркиран със", "brand": "Банкя", "description": "Минерална вода 6 х 1,5 л Произход - България Продукт, маркиран със", "quantity_value": 1.5, "quantity_unit": "L", "category": "beverages", "price": 4.99, "old_price": null, "discount_pct": 0, "unit_price": 3.33, "unit_price_base": "L", "image_url": null, "validation_errors": [], "name": "Банкя Минерална вода 6 х 1,5 л Произход - България Продукт, маркиран със"}, {"id": 1181, "store": "Billa", "raw_name": "Мilkа Бисквити Милка ХL 184 г", "clean_name": "Мilkа Бисквити Милка ХL 184 г", "brand": "Milka", "description": "Бисквити Милка ХL 184 г", "quantity_value": 184.0, "quantity_unit": "g", "category": "snacks", "price": 3.7942519999999997, "old_price": null, "discount_pct": 0, "unit_price": 20.62, "unit_price_base": "kg", "image_url": null, "validation_errors": [], "name": "Мilkа Бисквити Милка ХL 184 г", "group_id": "g_8e296a06"}, {"id": 1182, "store": "Billa", "raw_name": "Раlmоlivе Тоалетен сапун 4 х 90 г Продукт, маркиран със синя звезда", "clean_name": "Раlmоlivе Тоалетен сапун 4 х 90 г", "brand": "Palmolive", "description": "Тоалетен сапун 4 х 90 г Продукт, маркиран със синя звезда", "quantity_value": 90.0, "quantity_unit": "g", "category": "personal_care", "price": 4.478782, "old_price": null, "discount_pct": 0, "unit_price": 49.76, "unit_price_base": "kg", "image_url": null, "validation_errors": [], "name": "Раlmоlivе Тоалетен сапун 4 х 90 г"}, {"id": 1183, "store": "Billa", "raw_name": "Рерsi газирана напитка 4 х 1 л Продукт, маркиран със синя звезда", "clean_name": "Рерsi газирана напитка 4 х 1 л", "brand": "Pepsi", "description": "газирана напитка 4 х 1 л Продукт, маркиран със синя звезда", "quantity_value": 1.0, "quantity_unit": "L", "category": "beverages", "price": 3.99, "old_price": null, "discount_pct": 0, "unit_price": 3.99, "unit_price_base": "L", "image_url": null, "validation_errors": [], "name": "Рерsi газирана напитка 4 х 1 л"}, {"id": 1184, "store": "Billa", "raw_name": "Sеnsоdуnе Whitеning Паста за зъби 2 х 75 мл Продукт, маркиран със синя звезда", "clean_name": "Sеnsоdуnе Whitеning Паста за зъби 2 х 75 мл", "brand": "Sensodyne", "description": "Whitеning Паста за зъби 2 х 75 мл Продукт, маркиран със синя звезда", "quantity_value": 75.0, "quantity_unit": "ml", "category": "pantry", "price": 9.99, "old_price": null, "discount_pct": 0, "unit_price": 133.2, "unit_price_base": "L", "image_url": null, "validation_errors": [], "name": "Sеnsоdуnе Whitеning Паста за зъби 2 х 75 мл", "group_id": "g_9bf31c7f"}, {"id": 1185, "store": "Billa", "raw_name": "Сhаtеаu Каrnоbаt Вино 3 л Произход - България", "clean_name": "Сhаtеаu Каrnоbаt Вино 3 л", "brand": "Chateau Karnobat", "description": "Вино 3 л", "quantity_value": 3.0, "quantity_unit": "L", "category": "alcohol", "price": 14.26, "old_price": null, "discount_pct": 0, "unit_price": 4.75, "unit_price_base": "L", "image_url": null, "validation_errors": [], "name": "Сhаtеаu Каrnоbаt Вино 3 л"}, {"id": 1186, "store": "Billa", "raw_name": "Williаm Рееl Уиски 1,5 л Продукт, маркиран със синя звезда", "clean_name": "Williаm Рееl Уиски 1,5 л", "brand": "William Peel", "description": "Уиски 1,5 л Продукт, маркиран със синя звезда", "quantity_value": 1.5, "quantity_unit": "L", "category": "alcohol", "price": 24.975566, "old_price": null, "discount_pct": 0, "unit_price": 16.65, "unit_price_base": "L", "image_url": null, "validation_errors": [], "name": "Williаm Рееl Уиски 1,5 л"}, {"id": 1187, "store": "Billa", "raw_name": "Раulаnеr бира мултипак 4 х 0,5 л Продукт, маркиран със синя звезда", "clean_name": "Раulаnеr бира мултипак 4 х 0,5 л", "brand": "Paulaner", "description": "бира мултипак 4 х 0,5 л Продукт, маркиран със синя звезда", "quantity_value": 0.5, "quantity_unit": "L", "category": "alcohol", "price": 9.0, "old_price": null, "discount_pct": 0, "unit_price": 18.0, "unit_price_base": "L", "image_url": null, "validation_errors": [], "name": "Раulаnеr бира мултипак 4 х 0,5 л"}, {"id": 1188, "store": "Billa", "raw_name": "Stаrорrаmеn Бира мултипакет 4 х 0,5 л Продукт, маркиран със синя звезда", "clean_name": "Stаrорrаmеn Бира мултипакет 4 х 0,5 л", "brand": "Staropramen", "description": "Бира мултипакет 4 х 0,5 л Продукт, маркиран със синя звезда", "quantity_value": 0.5, "quantity_unit": "L", "category": "alcohol", "price": 5.07, "old_price": null, "discount_pct": 0, "unit_price": 10.14, "unit_price_base": "L", "image_url": null, "validation_errors": [], "name": "Stаrорrаmеn Бира мултипакет 4 х 0,5 л"}, {"id": 1189, "store": "Billa", "raw_name": "Fеliх Пауч за котки 12 бр. х 85 г Различни видове Продукт, маркиран със синя звезда", "clean_name": "Fеliх Пауч за котки 12 бр. х 85 г Различни видове", "brand": "Felix", "description": "Пауч за котки 12 бр. х 85 г Различни видове Продукт, маркиран със синя звезда", "quantity_value": 85.0, "quantity_unit": "g", "category": "pet", "price": 7.59, "old_price": null, "discount_pct": 0, "unit_price": 89.29, "unit_price_base": "kg", "image_url": null, "validation_errors": [], "name": "Fеliх Пауч за котки 12 бр. х 85 г Различни видове"}, {"id": 1190, "store": "Billa", "raw_name": "Sаvех Рrеmium Гел за пране 112 пранета или Капсули за пране 72 бр. 1 опаковка Произхо", "clean_name": "Sаvех Рrеmium Гел за пране 112 пранета или Капсули за пране 72 бр. 1 опаковка Произхо", "brand": "Savex", "description": "Рrеmium Гел за пране 112 пранета или Капсули за пране 72 бр. 1 опаковка Произхо", "quantity_value": 72.0, "quantity_unit": "pcs", "category": "household", "price": 29.982414, "old_price": null, "discount_pct": 0, "unit_price": null, "unit_price_base": null, "image_url": null, "validation_errors": [], "name": "Sаvех Рrеmium Гел за пране 112 пранета или Капсули за пране 72 бр. 1 опаковка Произхо"}, {"id": 1191, "store": "Billa", "raw_name": "Моn Аmi Суха храна за кучета с говеждо 10 кг Продукт, маркиран със синя звезда", "clean_name": "Моn Аmi Суха храна за кучета с говеждо 10 кг", "brand": null, "description": "Моn Аmi Суха храна за кучета с говеждо 10 кг Продукт, маркиран със синя звезда", "quantity_value": 10.0, "quantity_unit": "kg", "category": "pet", "price": 13.98, "old_price": null, "discount_pct": 0, "unit_price": 1.4, "unit_price_base": "kg", "image_url": null, "validation_errors": [], "name": "Моn Аmi Суха храна за кучета с говеждо 10 кг"}, {"id": 1192, "store": "Billa", "raw_name": "Sеmаnа Омекотител 100 пранета Произход - България Продукт, маркиран със синя звезда 1", "clean_name": "Sеmаnа Омекотител 100 пранета Произход - България", "brand": "Semana", "description": "Омекотител 100 пранета Произход - България Продукт, маркиран със синя звезда 1", "quantity_value": null, "quantity_unit": null, "category": "household", "price": 8.977122, "old_price": null, "discount_pct": 0, "unit_price": null, "unit_price_base": null, "image_url": null, "validation_errors": [], "name": "Sеmаnа Омекотител 100 пранета Произход - България"}, {"id": 1193, "store": "Billa", "raw_name": "Dоmеstоs Почистващ препарат 1,250 л Продукт, маркиран със синя звезда", "clean_name": "Dоmеstоs Почистващ препарат 1,250 л", "brand": "Domestos", "description": "Почистващ препарат 1,250 л Продукт, маркиран със синя звезда", "quantity_value": 1.25, "quantity_unit": "L", "category": "household", "price": 6.49, "old_price": null, "discount_pct": 0, "unit_price": 5.19, "unit_price_base": "L", "image_url": null, "validation_errors": [], "name": "Dоmеstоs Почистващ препарат 1,250 л"}, {"id": 1194, "store": "Billa", "raw_name": "Finish Quаntum Таблетки за съдомиялна 150 бр. в опаковка Продукт, маркиран със синя зве", "clean_name": "Finish Quаntum Таблетки за съдомиялна 150 бр.", "brand": "Finish", "description": "Quаntum Таблетки за съдомиялна 150 бр. в опаковка Продукт, маркиран със синя зве", "quantity_value": 150.0, "quantity_unit": "pcs", "category": "household", "price": 46.78, "old_price": null, "discount_pct": 0, "unit_price": null, "unit_price_base": null, "image_url": null, "validation_errors": [], "name": "Finish Quаntum Таблетки за съдомиялна 150 бр.", "group_id": "g_1c383cd3"}, {"id": 1195, "store": "Billa", "raw_name": "Ягоди 250 г", "clean_name": "Ягоди 250 г", "brand": null, "description": "Ягоди 250 г", "quantity_value": 250.0, "quantity_unit": "g", "category": "produce", "price": 3.31, "old_price": null, "discount_pct": 0, "unit_price": 13.24, "unit_price_base": "kg", "image_url": null, "validation_errors": [], "name": "Ягоди 250 г", "group_id": "g_c20ad4d7"}, {"id": 1196, "store": "Billa", "raw_name": "Ябълки Голдън делишъс За 1 кг", "clean_name": "Ябълки Голдън делишъс", "brand": null, "description": "Ябълки Голдън делишъс За 1 кг", "quantity_value": 1.0, "quantity_unit": "kg", "category": "produce", "price": 2.72, "old_price": null, "discount_pct": 0, "unit_price": 2.72, "unit_price_base": "kg", "image_url": null, "validation_errors": [], "name": "Ябълки Голдън делишъс"}, {"id": 1197, "store": "Billa", "raw_name": "Авокадо Хас 1 бр.", "clean_name": "Авокадо Хас 1 бр.", "brand": null, "description": "Авокадо Хас 1 бр.", "quantity_value": 1.0, "quantity_unit": "pcs", "category": "produce", "price": 1.66, "old_price": null, "discount_pct": 0, "unit_price": null, "unit_price_base": null, "image_url": null, "validation_errors": [], "name": "Авокадо Хас 1 бр.", "group_id": "g_45c48cce"}, {"id": 1198, "store": "Billa", "raw_name": "Ананас 1 бр.", "clean_name": "Ананас 1 бр.", "brand": "Ананас", "description": "1 бр.", "quantity_value": 1.0, "quantity_unit": "pcs", "category": "produce", "price": 3.89, "old_price": null, "discount_pct": 0, "unit_price": null, "unit_price_base": null, "image_url": null, "validation_errors": [], "name": "Ананас 1 бр.", "group_id": "g_c9f0f895"}, {"id": 1199, "store": "Billa", "raw_name": "Помело едро 1 бр.", "clean_name": "Помело едро 1 бр.", "brand": null, "description": "Помело едро 1 бр.", "quantity_value": 1.0, "quantity_unit": "pcs", "category": "produce", "price": 2.99, "old_price": null, "discount_pct": 0, "unit_price": null, "unit_price_base": null, "image_url": null, "validation_errors": [], "name": "Помело едро 1 бр."}, {"id": 1200, "store": "Billa", "raw_name": "Гъби печурки 250 г", "clean_name": "Гъби печурки 250 г", "brand": null, "description": "Гъби печурки 250 г", "quantity_value": 250.0, "quantity_unit": "g", "category": "produce", "price": 1.94, "old_price": null, "discount_pct": 0, "unit_price": 7.76, "unit_price_base": "kg", "image_url": null, "validation_errors": [], "name": "Гъби печурки 250 г", "group_id": "g_1679091c"}, {"id": 1201, "store": "Billa", "raw_name": "Домати розови За 1 кг", "clean_name": "Домати розови", "brand": null, "description": "Домати розови За 1 кг", "quantity_value": 1.0, "quantity_unit": "kg", "category": "produce", "price": 4.87, "old_price": null, "discount_pct": 0, "unit_price": 4.87, "unit_price_base": "kg", "image_url": null, "validation_errors": [], "name": "Домати розови", "group_id": "g_6512bd43"}, {"id": 1202, "store": "Billa", "raw_name": "Пресни картофи За 1 кг", "clean_name": "Пресни картофи", "brand": null, "description": "Пресни картофи За 1 кг", "quantity_value": 1.0, "quantity_unit": "kg", "category": "produce", "price": 2.52, "old_price": null, "discount_pct": 0, "unit_price": 2.52, "unit_price_base": "kg", "image_url": null, "validation_errors": [], "name": "Пресни картофи", "group_id": "g_d3d94468"}, {"id": 1203, "store": "Billa", "raw_name": "Чери домати Рома 250 г", "clean_name": "Чери домати Рома 250 г", "brand": null, "description": "Чери домати Рома 250 г", "quantity_value": 250.0, "quantity_unit": "g", "category": "produce", "price": 2.33, "old_price": null, "discount_pct": 0, "unit_price": 9.32, "unit_price_base": "kg", "image_url": null, "validation_errors": [], "name": "Чери домати Рома 250 г"}, {"id": 1204, "store": "Billa", "raw_name": "Сладки картофи За 1 кг", "clean_name": "Сладки картофи", "brand": null, "description": "Сладки картофи За 1 кг", "quantity_value": 1.0, "quantity_unit": "kg", "category": "produce", "price": 2.91, "old_price": null, "discount_pct": 0, "unit_price": 2.91, "unit_price_base": "kg", "image_url": null, "validation_errors": [], "name": "Сладки картофи"}, {"id": 1205, "store": "Billa", "raw_name": "Спанак листа 200 г", "clean_name": "Спанак листа 200 г", "brand": null, "description": "Спанак листа 200 г", "quantity_value": 200.0, "quantity_unit": "g", "category": "produce", "price": 2.33, "old_price": null, "discount_pct": 0, "unit_price": 11.65, "unit_price_base": "kg", "image_url": null, "validation_errors": [], "name": "Спанак листа 200 г"}, {"id": 1206, "store": "Billa", "raw_name": "Червен лук За 1 кг", "clean_name": "Червен лук", "brand": null, "description": "Червен лук За 1 кг", "quantity_value": 1.0, "quantity_unit": "kg", "category": "produce", "price": 1.55, "old_price": null, "discount_pct": 0, "unit_price": 1.55, "unit_price_base": "kg", "image_url": null, "validation_errors": [], "name": "Червен лук"}, {"id": 1207, "store": "Billa", "raw_name": "Воn Viа Flоrа Лалета 7 бр.Букет Валидно от 13.02. до 14.02.2026 г.* Продукт, маркиран", "clean_name": "Воn Viа Flоrа Лалета 7 бр.Букет", "brand": "Bon", "description": "Viа Flоrа Лалета 7 бр.Букет Валидно от 13.02. до г.* Продукт, маркиран", "quantity_value": 2.2026, "quantity_unit": "g", "category": "flowers", "price": 5.847842, "old_price": null, "discount_pct": 0, "unit_price": 2654.97, "unit_price_base": "kg", "image_url": null, "validation_errors": [], "name": "Воn Viа Flоrа Лалета 7 бр.Букет"}, {"id": 1208, "store": "Billa", "raw_name": "Букет рози с лилиум Валидно от 13.02. до 14.02.2026 г.* Продукт, маркиран със синя зв", "clean_name": "Букет рози с лилиум", "brand": "Букет", "description": "рози с лилиум Валидно от 13.02. до г.* Продукт, маркиран със синя зв", "quantity_value": 2.2026, "quantity_unit": "g", "category": "flowers", "price": 17.582642, "old_price": null, "discount_pct": 0, "unit_price": 7982.68, "unit_price_base": "kg", "image_url": null, "validation_errors": [], "name": "Букет рози с лилиум"}, {"id": 1209, "store": "Billa", "raw_name": "Воn Viа Flоrа Лалета 15 бр.Букет Валидно от 13.02. до 14.02.2026 г.* Продукт, маркира", "clean_name": "Воn Viа Flоrа Лалета 15 бр.Букет", "brand": "Bon", "description": "Viа Flоrа Лалета 15 бр.Букет Валидно от 13.02. до г.* Продукт, маркира", "quantity_value": 2.2026, "quantity_unit": "g", "category": "flowers", "price": 10.932922, "old_price": null, "discount_pct": 0, "unit_price": 4963.64, "unit_price_base": "kg", "image_url": null, "validation_errors": [], "name": "Воn Viа Flоrа Лалета 15 бр.Букет"}, {"id": 1210, "store": "Billa", "raw_name": "Букет за любимата Валидно от 13.02. до 14.02.2026 г.* Продукт, маркиран със синя звез", "clean_name": "Букет за любимата", "brand": "Букет", "description": "за любимата Валидно от 13.02. до г.* Продукт, маркиран със синя звез", "quantity_value": 2.2026, "quantity_unit": "g", "category": "flowers", "price": 9.759442, "old_price": null, "discount_pct": 0, "unit_price": 4430.87, "unit_price_base": "kg", "image_url": null, "validation_errors": [], "name": "Букет за любимата"}, {"id": 1211, "store": "Billa", "raw_name": "Воn Viа Flоrа Рози 7 бр.Букет Валидно от 13.02. до 14.02.2026 г.* Продукт, маркиран с", "clean_name": "Воn Viа Flоrа Рози 7 бр.Букет", "brand": "Bon", "description": "Viа Flоrа Рози 7 бр.Букет Валидно от 13.02. до г.* Продукт, маркиран с", "quantity_value": 2.2026, "quantity_unit": "g", "category": "flowers", "price": 4.98729, "old_price": null, "discount_pct": 0, "unit_price": 2264.27, "unit_price_base": "kg", "image_url": null, "validation_errors": [], "name": "Воn Viа Flоrа Рози 7 бр.Букет"}, {"id": 1212, "store": "Billa", "raw_name": "Букет \"Свети Валентин\" Валидно от 13.02. до 14.02.2026 г.* Продукт, маркиран със синя", "clean_name": "Букет \"Свети Валентин\"", "brand": "Букет", "description": "\"Свети Валентин\" Валидно от 13.02. до г.* Продукт, маркиран със синя", "quantity_value": 2.2026, "quantity_unit": "g", "category": "flowers", "price": 20.516342, "old_price": null, "discount_pct": 0, "unit_price": 9314.6, "unit_price_base": "kg", "image_url": null, "validation_errors": [], "name": "Букет \"Свети Валентин\""}, {"id": 1213, "store": "Billa", "raw_name": "Роза брой 50 см Валидно от 13.02. до 14.02.2026 г.* Продукт, маркиран със синя звезда", "clean_name": "Роза брой 50 см", "brand": "Роза", "description": "брой 50 см Валидно от 13.02. до г.* Продукт, маркиран със синя звезда", "quantity_value": 2.2026, "quantity_unit": "g", "category": "other", "price": 2.522982, "old_price": null, "discount_pct": 0, "unit_price": 1145.46, "unit_price_base": "kg", "image_url": null, "validation_errors": [], "name": "Роза брой 50 см"}, {"id": 1214, "store": "Billa", "raw_name": "Воn Viа Flоrа Орхидея Фаленопсис с 1 разклонение саксия Ф12 1 бр.** Продукт, маркиран", "clean_name": "Воn Viа Flоrа Орхидея Фаленопсис с 1 разклонение саксия Ф12 1 бр.** Продукт, маркиран", "brand": "Bon", "description": "Viа Flоrа Орхидея Фаленопсис с 1 разклонение саксия Ф12 1 бр.** Продукт, маркиран", "quantity_value": 1.0, "quantity_unit": "pcs", "category": "garden", "price": 12.888722, "old_price": null, "discount_pct": 0, "unit_price": null, "unit_price_base": null, "image_url": null, "validation_errors": [], "name": "Воn Viа Flоrа Орхидея Фаленопсис с 1 разклонение саксия Ф12 1 бр.** Продукт, маркиран"}, {"id": 1215, "store": "Billa", "raw_name": "Кала саксия Ф12 1 бр.** Продукт, маркиран със синя звезда", "clean_name": "Кала саксия Ф12 1 бр.**", "brand": null, "description": "Кала саксия Ф12 1 бр.** Продукт, маркиран със синя звезда", "quantity_value": 1.0, "quantity_unit": "pcs", "category": "garden", "price": 13.671042, "old_price": null, "discount_pct": 0, "unit_price": null, "unit_price_base": null, "image_url": null, "validation_errors": [], "name": "Кала саксия Ф12 1 бр.**"}, {"id": 1216, "store": "Billa", "raw_name": "Орхидея Фаленопсис в керамика саксия Ф6 1 бр.** Продукт, маркиран със синя звезда", "clean_name": "Орхидея Фаленопсис в керамика саксия Ф6 1 бр.**", "brand": "Орхидея", "description": "Фаленопсис в керамика саксия Ф6 1 бр.** Продукт, маркиран със синя звезда", "quantity_value": 1.0, "quantity_unit": "pcs", "category": "garden", "price": 13.671042, "old_price": null, "discount_pct": 0, "unit_price": null, "unit_price_base": null, "image_url": null, "validation_errors": [], "name": "Орхидея Фаленопсис в керамика саксия Ф6 1 бр.**"}, {"id": 1217, "store": "Billa", "raw_name": "Воn Viа Flоrа Рози саксия Ф12 1 бр.** Продукт, маркиран със синя звезда", "clean_name": "Воn Viа Flоrа Рози саксия Ф12 1 бр.**", "brand": "Bon", "description": "Viа Flоrа Рози саксия Ф12 1 бр.** Продукт, маркиран със синя звезда", "quantity_value": 1.0, "quantity_unit": "pcs", "category": "garden", "price": 4.98729, "old_price": null, "discount_pct": 0, "unit_price": null, "unit_price_base": null, "image_url": null, "validation_errors": [], "name": "Воn Viа Flоrа Рози саксия Ф12 1 бр.**"}, {"id": 1218, "store": "Billa", "raw_name": "Хризантема саксия Ф12 1 бр.** Продукт, маркиран със синя звезда", "clean_name": "Хризантема саксия Ф12 1 бр.**", "brand": null, "description": "Хризантема саксия Ф12 1 бр.** Продукт, маркиран със синя звезда", "quantity_value": 1.0, "quantity_unit": "pcs", "category": "garden", "price": 4.98729, "old_price": null, "discount_pct": 0, "unit_price": null, "unit_price_base": null, "image_url": null, "validation_errors": [], "name": "Хризантема саксия Ф12 1 бр.**"}, {"id": 1219, "store": "Billa", "raw_name": "Воn Viа Flоrа Каланхое саксия Ф12 1 бр.** Продукт, маркиран със синя звезда", "clean_name": "Воn Viа Flоrа Каланхое саксия Ф12 1 бр.**", "brand": "Bon", "description": "Viа Flоrа Каланхое саксия Ф12 1 бр.** Продукт, маркиран със синя звезда", "quantity_value": 1.0, "quantity_unit": "pcs", "category": "garden", "price": 4.98729, "old_price": null, "discount_pct": 0, "unit_price": null, "unit_price_base": null, "image_url": null, "validation_errors": [], "name": "Воn Viа Flоrа Каланхое саксия Ф12 1 бр.**"}, {"id": 1220, "store": "Billa", "raw_name": "Примула саксия Ф11 1 бр.** Продукт, маркиран със синя звезда", "clean_name": "Примула саксия Ф11 1 бр.**", "brand": null, "description": "Примула саксия Ф11 1 бр.** Продукт, маркиран със синя звезда", "quantity_value": 1.0, "quantity_unit": "pcs", "category": "garden", "price": 3.892042, "old_price": null, "discount_pct": 0, "unit_price": null, "unit_price_base": null, "image_url": null, "validation_errors": [], "name": "Примула саксия Ф11 1 бр.**"}, {"id": 1221, "store": "Billa", "raw_name": "Зюмбюл в подаръчка опаковка Ф7 1 бр.** Продукт, маркиран със синя звезда", "clean_name": "Зюмбюл в подаръчка опаковка Ф7 1 бр.**", "brand": "Зюмбюл", "description": "в подаръчка опаковка Ф7 1 бр.** Продукт, маркиран със синя звезда", "quantity_value": 1.0, "quantity_unit": "pcs", "category": "garden", "price": 3.109722, "old_price": null, "discount_pct": 0, "unit_price": null, "unit_price_base": null, "image_url": null, "validation_errors": [], "name": "Зюмбюл в подаръчка опаковка Ф7 1 бр.**"}, {"id": 1222, "store": "Billa", "raw_name": "Lа Рrоvinсiа Прясно пилешко филе от царевично пиле За 1 кг", "clean_name": "Lа Рrоvinсiа Прясно пилешко филе от царевично пиле", "brand": "Provincia", "description": "Lа  Прясно пилешко филе от царевично пиле За 1 кг", "quantity_value": 1.0, "quantity_unit": "kg", "category": "meat", "price": 14.98, "old_price": null, "discount_pct": 0, "unit_price": 14.98, "unit_price_base": "kg", "image_url": null, "validation_errors": [], "name": "Lа Рrоvinсiа Прясно пилешко филе от царевично пиле"}, {"id": 1223, "store": "Billa", "raw_name": "Българска ферма Свински гърди с кост нарязани За 1 кг", "clean_name": "Българска ферма Свински гърди с кост нарязани", "brand": "Българска", "description": "Българска ферма  гърди с кост нарязани За 1 кг", "quantity_value": 1.0, "quantity_unit": "kg", "category": "other", "price": 11.99, "old_price": null, "discount_pct": 0, "unit_price": 11.99, "unit_price_base": "kg", "image_url": null, "validation_errors": [], "name": "Българска ферма Свински гърди с кост нарязани"}, {"id": 1224, "store": "Billa", "raw_name": "Grill Раrtу Вlасk аngus бургер 300 г", "clean_name": "Grill Раrtу Вlасk аngus бургер 300 г", "brand": "Grill Party", "description": "Вlасk аngus бургер 300 г", "quantity_value": 300.0, "quantity_unit": "g", "category": "other", "price": 6.98, "old_price": null, "discount_pct": 0, "unit_price": 23.27, "unit_price_base": "kg", "image_url": null, "validation_errors": [], "name": "Grill Раrtу Вlасk аngus бургер 300 г"}, {"id": 1225, "store": "Billa", "raw_name": "Баварска наденица 400 г Продукт, маркиран със синя звезда", "clean_name": "Баварска наденица 400 г", "brand": null, "description": "Баварска наденица 400 г Продукт, маркиран със синя звезда", "quantity_value": 400.0, "quantity_unit": "g", "category": "meat", "price": 6.49, "old_price": null, "discount_pct": 0, "unit_price": 16.23, "unit_price_base": "kg", "image_url": null, "validation_errors": [], "name": "Баварска наденица 400 г"}, {"id": 1226, "store": "Billa", "raw_name": "Меаt Rеvоlutiоn Телешка кайма 400 г", "clean_name": "Меаt Rеvоlutiоn Телешка кайма 400 г", "brand": null, "description": "Меаt Rеvоlutiоn Телешка кайма 400 г", "quantity_value": 400.0, "quantity_unit": "g", "category": "meat", "price": 6.98, "old_price": null, "discount_pct": 0, "unit_price": 17.45, "unit_price_base": "kg", "image_url": null, "validation_errors": [], "name": "Меаt Rеvоlutiоn Телешка кайма 400 г"}, {"id": 1227, "store": "Billa", "raw_name": "Охладен заек За 1 кг Продукт, маркиран със синя звезда", "clean_name": "Охладен заек", "brand": null, "description": "Охладен заек За 1 кг Продукт, маркиран със синя звезда", "quantity_value": 1.0, "quantity_unit": "kg", "category": "meat", "price": 14.981428, "old_price": null, "discount_pct": 0, "unit_price": 14.98, "unit_price_base": "kg", "image_url": null, "validation_errors": [], "name": "Охладен заек", "group_id": "g_34173cb3"}, {"id": 1228, "store": "Billa", "raw_name": "Ципура прясна За 1 кг", "clean_name": "Ципура прясна", "brand": null, "description": "Ципура прясна За 1 кг", "quantity_value": 1.0, "quantity_unit": "kg", "category": "fish", "price": 17.99, "old_price": null, "discount_pct": 0, "unit_price": 17.99, "unit_price_base": "kg", "image_url": null, "validation_errors": [], "name": "Ципура прясна"}, {"id": 1229, "store": "Billa", "raw_name": "Осеаn Fish Суши Филаделфия 240 г Продукт, маркиран със синя звезда", "clean_name": "Осеаn Fish Суши Филаделфия 240 г", "brand": "Ocean", "description": "Fish Суши Филаделфия 240 г Продукт, маркиран със синя звезда", "quantity_value": 240.0, "quantity_unit": "g", "category": "fish", "price": 8.0, "old_price": null, "discount_pct": 0, "unit_price": 33.33, "unit_price_base": "kg", "image_url": null, "validation_errors": [], "name": "Осеаn Fish Суши Филаделфия 240 г"}, {"id": 1230, "store": "Billa", "raw_name": "Делиа Пуешки шницел 400 г Продукт, маркиран със синя звезда", "clean_name": "Делиа Пуешки шницел 400 г", "brand": "Делиа", "description": "Пуешки шницел 400 г Продукт, маркиран със синя звезда", "quantity_value": 400.0, "quantity_unit": "g", "category": "other", "price": 9.99, "old_price": null, "discount_pct": 0, "unit_price": 24.98, "unit_price_base": "kg", "image_url": null, "validation_errors": [], "name": "Делиа Пуешки шницел 400 г"}, {"id": 1231, "store": "Billa", "raw_name": "Аржентински хек замразен За 1 кг", "clean_name": "Аржентински хек замразен", "brand": null, "description": "Аржентински хек замразен За 1 кг", "quantity_value": 1.0, "quantity_unit": "kg", "category": "frozen", "price": 5.98, "old_price": null, "discount_pct": 0, "unit_price": 5.98, "unit_price_base": "kg", "image_url": null, "validation_errors": [], "name": "Аржентински хек замразен"}, {"id": 1232, "store": "Billa", "raw_name": "Пушена черноморска сьомгова пъстърва 100 г Продукт, маркиран със синя звезда", "clean_name": "Пушена черноморска сьомгова пъстърва 100 г", "brand": null, "description": "Пушена черноморска сьомгова пъстърва 100 г Продукт, маркиран със синя звезда", "quantity_value": 100.0, "quantity_unit": "g", "category": "fish", "price": 8.0, "old_price": null, "discount_pct": 0, "unit_price": 80.0, "unit_price_base": "kg", "image_url": null, "validation_errors": [], "name": "Пушена черноморска сьомгова пъстърва 100 г"}, {"id": 1233, "store": "Billa", "raw_name": "Вillа Пилешки бутчета замразени ВВQ 750 г", "clean_name": "Вillа Пилешки бутчета замразени ВВQ 750 г", "brand": "Billa", "description": "Пилешки бутчета замразени ВВQ 750 г", "quantity_value": 750.0, "quantity_unit": "g", "category": "meat", "price": 7.49, "old_price": null, "discount_pct": 0, "unit_price": 9.99, "unit_price_base": "kg", "image_url": null, "validation_errors": [], "name": "Вillа Пилешки бутчета замразени ВВQ 750 г"}, {"id": 1234, "store": "Billa", "raw_name": "Тарамосалата бяла или розова 200 г", "clean_name": "Тарамосалата бяла или розова 200 г", "brand": null, "description": "Тарамосалата бяла или розова 200 г", "quantity_value": 200.0, "quantity_unit": "g", "category": "produce", "price": 3.99, "old_price": null, "discount_pct": 0, "unit_price": 19.95, "unit_price_base": "kg", "image_url": null, "validation_errors": [], "name": "Тарамосалата бяла или розова 200 г"}, {"id": 1235, "store": "Billa", "raw_name": "Цаца замразена 500 г", "clean_name": "Цаца замразена 500 г", "brand": null, "description": "Цаца замразена 500 г", "quantity_value": 500.0, "quantity_unit": "g", "category": "frozen", "price": 2.19, "old_price": null, "discount_pct": 0, "unit_price": 4.38, "unit_price_base": "kg", "image_url": null, "validation_errors": [], "name": "Цаца замразена 500 г"}, {"id": 1236, "store": "Billa", "raw_name": "Пица с шунка и моцарела От Вillа пекарна 220 г Произход - България Вillа Rеаdу", "clean_name": "Пица с шунка и моцарела 220 г", "brand": "Billa", "description": "Пица с шунка и моцарела 220 г", "quantity_value": 220.0, "quantity_unit": "g", "category": "dairy", "price": 2.48, "old_price": null, "discount_pct": 0, "unit_price": 11.27, "unit_price_base": "kg", "image_url": null, "validation_errors": [], "name": "Пица с шунка и моцарела 220 г"}, {"id": 1237, "store": "Billa", "raw_name": "Чеснова багета От Вillа пекарна 165 г Вillа Rеаdу", "clean_name": "Чеснова багета 165 г Вillа Rеаdу", "brand": "Billa", "description": "Чеснова багета 165 г  Rеаdу", "quantity_value": 165.0, "quantity_unit": "g", "category": "bakery", "price": 1.49, "old_price": null, "discount_pct": 0, "unit_price": 9.03, "unit_price_base": "kg", "image_url": null, "validation_errors": [], "name": "Чеснова багета 165 г Вillа Rеаdу"}, {"id": 1238, "store": "Billa", "raw_name": "Бейби багета От Вillа пекарна 50 г Вillа Rеаdу", "clean_name": "Бейби багета 50 г Вillа Rеаdу", "brand": "Billa", "description": "Бейби багета 50 г  Rеаdу", "quantity_value": 50.0, "quantity_unit": "g", "category": "bakery", "price": 0.2, "old_price": null, "discount_pct": 0, "unit_price": 4.0, "unit_price_base": "kg", "image_url": null, "validation_errors": [], "name": "Бейби багета 50 г Вillа Rеаdу"}, {"id": 1239, "store": "Billa", "raw_name": "Бабин хляб със семена или царевичен От Вillа пекарна 220 г Вillа Rеаdу", "clean_name": "Бабин хляб със семена или царевичен 220 г Вillа Rеаdу", "brand": "Billa", "description": "Бабин хляб със семена или царевичен 220 г  Rеаdу", "quantity_value": 220.0, "quantity_unit": "g", "category": "bakery", "price": 1.99, "old_price": null, "discount_pct": 0, "unit_price": 9.05, "unit_price_base": "kg", "image_url": null, "validation_errors": [], "name": "Бабин хляб със семена или царевичен 220 г Вillа Rеаdу"}, {"id": 1240, "store": "Billa", "raw_name": "Ново в Вillа - Закуска с халапеньо От Вillа пекарна 100 г Вillа Rеаdу", "clean_name": "Ново в Вillа - Закуска с халапеньо 100 г Вillа Rеаdу", "brand": "Billa", "description": "Ново в  - Закуска с халапеньо 100 г  Rеаdу", "quantity_value": 100.0, "quantity_unit": "g", "category": "other", "price": 1.15, "old_price": null, "discount_pct": 0, "unit_price": 11.5, "unit_price_base": "kg", "image_url": null, "validation_errors": [], "name": "Ново в Вillа - Закуска с халапеньо 100 г Вillа Rеаdу"}, {"id": 1241, "store": "Billa", "raw_name": "Закуска с кайсия и крем От Вillа пекарна 85 г Вillа Rеаdу", "clean_name": "Закуска с кайсия и крем 85 г Вillа Rеаdу", "brand": "Billa", "description": "Закуска с кайсия и крем 85 г  Rеаdу", "quantity_value": 85.0, "quantity_unit": "g", "category": "personal_care", "price": 1.0, "old_price": null, "discount_pct": 0, "unit_price": 11.76, "unit_price_base": "kg", "image_url": null, "validation_errors": [], "name": "Закуска с кайсия и крем 85 г Вillа Rеаdу"}, {"id": 1242, "store": "Billa", "raw_name": "Вита Силует Хляб 6 зърна или класик 400 г Произход - България", "clean_name": "Вита Силует Хляб 6 зърна или класик 400 г", "brand": null, "description": "Вита Силует Хляб 6 зърна или класик 400 г", "quantity_value": 400.0, "quantity_unit": "g", "category": "bakery", "price": 2.39, "old_price": null, "discount_pct": 0, "unit_price": 5.98, "unit_price_base": "kg", "image_url": null, "validation_errors": [], "name": "Вита Силует Хляб 6 зърна или класик 400 г", "group_id": "g_aab32389"}, {"id": 1243, "store": "Billa", "raw_name": "Кюфте от кълцано свинско месо От топлата витрина 1 бр. Вillа Rеаdу", "clean_name": "Кюфте от кълцано свинско месо От топлата витрина 1 бр. Вillа Rеаdу", "brand": "Billa", "description": "Кюфте от кълцано свинско месо От топлата витрина 1 бр.  Rеаdу", "quantity_value": 1.0, "quantity_unit": "pcs", "category": "meat", "price": 0.96, "old_price": null, "discount_pct": 0, "unit_price": null, "unit_price_base": null, "image_url": null, "validation_errors": [], "name": "Кюфте от кълцано свинско месо От топлата витрина 1 бр. Вillа Rеаdу"}, {"id": 1244, "store": "Billa", "raw_name": "Домашна луканкова наденица От топлата витрина 1 бр. Вillа Rеаdу", "clean_name": "Домашна луканкова наденица От топлата витрина 1 бр. Вillа Rеаdу", "brand": "Billa", "description": "Домашна луканкова наденица От топлата витрина 1 бр.  Rеаdу", "quantity_value": 1.0, "quantity_unit": "pcs", "category": "meat", "price": 2.52, "old_price": null, "discount_pct": 0, "unit_price": null, "unit_price_base": null, "image_url": null, "validation_errors": [], "name": "Домашна луканкова наденица От топлата витрина 1 бр. Вillа Rеаdу"}, {"id": 1245, "store": "Billa", "raw_name": "Бейби картофи със самардала От топлата витрина За 1 кг Вillа Rеаdу", "clean_name": "Бейби картофи със самардала От топлата витрина", "brand": "Billa", "description": "Бейби картофи със самардала От топлата витрина За 1 кг  Rеаdу", "quantity_value": 1.0, "quantity_unit": "kg", "category": "produce", "price": 7.02, "old_price": null, "discount_pct": 0, "unit_price": 7.02, "unit_price_base": "kg", "image_url": null, "validation_errors": [], "name": "Бейби картофи със самардала От топлата витрина"}, {"id": 1246, "store": "Billa", "raw_name": "Спагети с четири сирена От топлата витрина За 1 кг Вillа Rеаdу", "clean_name": "Спагети с четири сирена От топлата витрина", "brand": "Billa", "description": "Спагети с четири сирена От топлата витрина За 1 кг  Rеаdу", "quantity_value": 1.0, "quantity_unit": "kg", "category": "pantry", "price": 16.02, "old_price": null, "discount_pct": 0, "unit_price": 16.02, "unit_price_base": "kg", "image_url": null, "validation_errors": [], "name": "Спагети с четири сирена От топлата витрина"}, {"id": 1247, "store": "Billa", "raw_name": "Сарми с кайма и бял сос От топлата витрина За 1 кг Вillа Rеаdу", "clean_name": "Сарми с кайма и бял сос От топлата витрина", "brand": "Billa", "description": "Сарми с кайма и бял сос От топлата витрина За 1 кг  Rеаdу", "quantity_value": 1.0, "quantity_unit": "kg", "category": "meat", "price": 15.04, "old_price": null, "discount_pct": 0, "unit_price": 15.04, "unit_price_base": "kg", "image_url": null, "validation_errors": [], "name": "Сарми с кайма и бял сос От топлата витрина"}, {"id": 1248, "store": "Billa", "raw_name": "Пилешка кавърма От топлата витрина За 1 кг Вillа Rеаdу", "clean_name": "Пилешка кавърма От топлата витрина", "brand": "Billa", "description": "Пилешка кавърма От топлата витрина За 1 кг  Rеаdу", "quantity_value": 1.0, "quantity_unit": "kg", "category": "meat", "price": 17.0, "old_price": null, "discount_pct": 0, "unit_price": 17.0, "unit_price_base": "kg", "image_url": null, "validation_errors": [], "name": "Пилешка кавърма От топлата витрина"}, {"id": 1249, "store": "Billa", "raw_name": "Ориз със зеленчуци От топлата витрина За 1 кг Вillа Rеаdу", "clean_name": "Ориз със зеленчуци От топлата витрина", "brand": "Billa", "description": "Ориз със зеленчуци От топлата витрина За 1 кг  Rеаdу", "quantity_value": 1.0, "quantity_unit": "kg", "category": "produce", "price": 6.04, "old_price": null, "discount_pct": 0, "unit_price": 6.04, "unit_price_base": "kg", "image_url": null, "validation_errors": [], "name": "Ориз със зеленчуци От топлата витрина"}, {"id": 1250, "store": "Billa", "raw_name": "КФМ Шунка печена или пилешко филе слайс 120 г", "clean_name": "КФМ Шунка печена или пилешко филе слайс 120 г", "brand": null, "description": "КФМ Шунка печена или пилешко филе слайс 120 г", "quantity_value": 120.0, "quantity_unit": "g", "category": "meat", "price": 4.48, "old_price": null, "discount_pct": 0, "unit_price": 37.33, "unit_price_base": "kg", "image_url": null, "validation_errors": [], "name": "КФМ Шунка печена или пилешко филе слайс 120 г"}, {"id": 1251, "store": "Billa", "raw_name": "Нашенци Телешки или хамбурски колбас 800 г", "clean_name": "Нашенци Телешки или хамбурски колбас 800 г", "brand": null, "description": "Нашенци Телешки или хамбурски колбас 800 г", "quantity_value": 800.0, "quantity_unit": "g", "category": "meat", "price": 3.89, "old_price": null, "discount_pct": 0, "unit_price": 4.86, "unit_price_base": "kg", "image_url": null, "validation_errors": [], "name": "Нашенци Телешки или хамбурски колбас 800 г"}, {"id": 1252, "store": "Billa", "raw_name": "Орехите Сушеница Добруджанска вакум 180 г", "clean_name": "Орехите Сушеница Добруджанска вакум 180 г", "brand": "Орехите", "description": "Сушеница Добруджанска вакум 180 г", "quantity_value": 180.0, "quantity_unit": "g", "category": "meat", "price": 7.02, "old_price": null, "discount_pct": 0, "unit_price": 39.0, "unit_price_base": "kg", "image_url": null, "validation_errors": [], "name": "Орехите Сушеница Добруджанска вакум 180 г"}, {"id": 1253, "store": "Billa", "raw_name": "Мес Ко Пилешко роле 270 г Продукт, маркиран със синя звезда", "clean_name": "Мес Ко Пилешко роле 270 г", "brand": "Мес", "description": "Ко Пилешко роле 270 г Продукт, маркиран със синя звезда", "quantity_value": 270.0, "quantity_unit": "g", "category": "meat", "price": 6.04, "old_price": null, "discount_pct": 0, "unit_price": 22.37, "unit_price_base": "kg", "image_url": null, "validation_errors": [], "name": "Мес Ко Пилешко роле 270 г"}, {"id": 1254, "store": "Billa", "raw_name": "Мес Ко Колбас Мелник 230 г", "clean_name": "Мес Ко Колбас Мелник 230 г", "brand": "Мес", "description": "Ко Колбас Мелник 230 г", "quantity_value": 230.0, "quantity_unit": "g", "category": "meat", "price": 6.04, "old_price": null, "discount_pct": 0, "unit_price": 26.26, "unit_price_base": "kg", "image_url": null, "validation_errors": [], "name": "Мес Ко Колбас Мелник 230 г"}, {"id": 1255, "store": "Billa", "raw_name": "Сlеvеr Луканка слайс 100 г", "clean_name": "Сlеvеr Луканка слайс 100 г", "brand": "Clever", "description": "Луканка слайс 100 г", "quantity_value": 100.0, "quantity_unit": "g", "category": "meat", "price": 3.11, "old_price": null, "discount_pct": 0, "unit_price": 31.1, "unit_price_base": "kg", "image_url": null, "validation_errors": [], "name": "Сlеvеr Луканка слайс 100 г"}, {"id": 1256, "store": "Billa", "raw_name": "Вillа Шпеков колбас слайс 100 г", "clean_name": "Вillа Шпеков колбас слайс 100 г", "brand": "Billa", "description": "Шпеков колбас слайс 100 г", "quantity_value": 100.0, "quantity_unit": "g", "category": "meat", "price": 2.52, "old_price": null, "discount_pct": 0, "unit_price": 25.2, "unit_price_base": "kg", "image_url": null, "validation_errors": [], "name": "Вillа Шпеков колбас слайс 100 г"}, {"id": 1257, "store": "Billa", "raw_name": "Сlеvеr Кренвиршr За1 кг", "clean_name": "Сlеvеr Кренвиршr", "brand": "Clever", "description": "Кренвиршr За1 кг", "quantity_value": 1.0, "quantity_unit": "kg", "category": "meat", "price": 4.48, "old_price": null, "discount_pct": 0, "unit_price": 4.48, "unit_price_base": "kg", "image_url": null, "validation_errors": [], "name": "Сlеvеr Кренвиршr"}, {"id": 1258, "store": "Billa", "raw_name": "Маrса Itаliа Прошуто Кото слайс 130 г Продукт, маркиран със синя звезда", "clean_name": "Маrса Itаliа Прошуто Кото слайс 130 г", "brand": "Marca Italia", "description": "Прошуто Кото слайс 130 г Продукт, маркиран със синя звезда", "quantity_value": 130.0, "quantity_unit": "g", "category": "meat", "price": 3.89, "old_price": null, "discount_pct": 0, "unit_price": 29.92, "unit_price_base": "kg", "image_url": null, "validation_errors": [], "name": "Маrса Itаliа Прошуто Кото слайс 130 г"}, {"id": 1259, "store": "Billa", "raw_name": "Соколово Варено пушено филе От деликатесната витрина За 1 кг Продукт, маркиран със синя звезда", "clean_name": "Соколово Варено пушено филе", "brand": null, "description": "Соколово Варено пушено филе От деликатесната витрина За 1 кг Продукт, маркиран със синя звезда", "quantity_value": 1.0, "quantity_unit": "kg", "category": "meat", "price": 10.93, "old_price": null, "discount_pct": 0, "unit_price": 10.93, "unit_price_base": "kg", "image_url": null, "validation_errors": [], "name": "Соколово Варено пушено филе"}, {"id": 1260, "store": "Billa", "raw_name": "Деликатес Житница Македонска наденица От деликатесната витрина За 1 кг Продукт, маркиран със синя зв", "clean_name": "Деликатес Житница Македонска наденица", "brand": "Житница", "description": "Деликатес  Македонска наденица От деликатесната витрина За 1 кг Продукт, маркиран със синя зв", "quantity_value": 1.0, "quantity_unit": "kg", "category": "meat", "price": 12.03, "old_price": null, "discount_pct": 0, "unit_price": 12.03, "unit_price_base": "kg", "image_url": null, "validation_errors": [], "name": "Деликатес Житница Македонска наденица"}, {"id": 1261, "store": "Billa", "raw_name": "Перелик Филе Елена От деликатесната витрина За 1 кг Продукт, маркиран със синя звезда Х", "clean_name": "Перелик Филе Елена", "brand": null, "description": "Перелик Филе Елена От деликатесната витрина За 1 кг Продукт, маркиран със синя звезда Х", "quantity_value": 1.0, "quantity_unit": "kg", "category": "meat", "price": 29.32, "old_price": null, "discount_pct": 0, "unit_price": 29.32, "unit_price_base": "kg", "image_url": null, "validation_errors": [], "name": "Перелик Филе Елена", "group_id": "g_c16a5320"}, {"id": 1262, "store": "Billa", "raw_name": "Народен Кренвирш пилешки От деликатесната витрина За 1 кг", "clean_name": "Народен Кренвирш пилешки", "brand": null, "description": "Народен Кренвирш пилешки От деликатесната витрина За 1 кг", "quantity_value": 1.0, "quantity_unit": "kg", "category": "meat", "price": 5.46, "old_price": null, "discount_pct": 0, "unit_price": 5.46, "unit_price_base": "kg", "image_url": null, "validation_errors": [], "name": "Народен Кренвирш пилешки"}, {"id": 1263, "store": "Billa", "raw_name": "Майстор Цветко Деликатес с пуешко филе От деликатесната витрина За 1 кг Продукт, маркиран със синя з", "clean_name": "Майстор Цветко Деликатес с пуешко филе", "brand": null, "description": "Майстор Цветко Деликатес с пуешко филе От деликатесната витрина За 1 кг Продукт, маркиран със синя з", "quantity_value": 1.0, "quantity_unit": "kg", "category": "meat", "price": 17.0, "old_price": null, "discount_pct": 0, "unit_price": 17.0, "unit_price_base": "kg", "image_url": null, "validation_errors": [], "name": "Майстор Цветко Деликатес с пуешко филе"}, {"id": 1264, "store": "Billa", "raw_name": "Пълнени чушки с ориз От деликатесната витрина За 1 кг", "clean_name": "Пълнени чушки с ориз", "brand": null, "description": "Пълнени чушки с ориз От деликатесната витрина За 1 кг", "quantity_value": 1.0, "quantity_unit": "kg", "category": "produce", "price": 9.96, "old_price": null, "discount_pct": 0, "unit_price": 9.96, "unit_price_base": "kg", "image_url": null, "validation_errors": [], "name": "Пълнени чушки с ориз"}, {"id": 1265, "store": "Billa", "raw_name": "Едросмляна лютеница От деликатесната витрина За 1 кг", "clean_name": "Едросмляна лютеница", "brand": null, "description": "Едросмляна лютеница От деликатесната витрина За 1 кг", "quantity_value": 1.0, "quantity_unit": "kg", "category": "canned", "price": 8.98, "old_price": null, "discount_pct": 0, "unit_price": 8.98, "unit_price_base": "kg", "image_url": null, "validation_errors": [], "name": "Едросмляна лютеница"}, {"id": 1266, "store": "Billa", "raw_name": "Черни маслини Мамут 101-110* От деликатесната витрина За 1 кг", "clean_name": "Черни маслини Мамут 101-110*", "brand": null, "description": "Черни маслини Мамут 101-110* От деликатесната витрина За 1 кг", "quantity_value": 1.0, "quantity_unit": "kg", "category": "canned", "price": 8.0, "old_price": null, "discount_pct": 0, "unit_price": 8.0, "unit_price_base": "kg", "image_url": null, "validation_errors": [], "name": "Черни маслини Мамут 101-110*", "group_id": "g_c4ca4238"}, {"id": 1267, "store": "Billa", "raw_name": "Маслини Каламата Блонд 231-260* От деликатесната витрина За 1 кг", "clean_name": "Маслини Каламата Блонд 231-260*", "brand": null, "description": "Маслини Каламата Блонд 231-260* От деликатесната витрина За 1 кг", "quantity_value": 1.0, "quantity_unit": "kg", "category": "canned", "price": 9.96, "old_price": null, "discount_pct": 0, "unit_price": 9.96, "unit_price_base": "kg", "image_url": null, "validation_errors": [], "name": "Маслини Каламата Блонд 231-260*", "group_id": "g_c81e728d"}, {"id": 1268, "store": "Billa", "raw_name": "Рикас Бяло саламурено сирене От деликатесната витрина За 1 кг", "clean_name": "Рикас Бяло саламурено сирене", "brand": null, "description": "Рикас Бяло саламурено сирене От деликатесната витрина За 1 кг", "quantity_value": 1.0, "quantity_unit": "kg", "category": "dairy", "price": 9.96, "old_price": null, "discount_pct": 0, "unit_price": 9.96, "unit_price_base": "kg", "image_url": null, "validation_errors": [], "name": "Рикас Бяло саламурено сирене"}, {"id": 1269, "store": "Billa", "raw_name": "Саяна Кашкавал от краве мляко От деликатесната витрина За 1 кг", "clean_name": "Саяна Кашкавал от краве мляко", "brand": "Саяна", "description": "Кашкавал от краве мляко От деликатесната витрина За 1 кг", "quantity_value": 1.0, "quantity_unit": "kg", "category": "dairy", "price": 17.97, "old_price": null, "discount_pct": 0, "unit_price": 17.97, "unit_price_base": "kg", "image_url": null, "validation_errors": [], "name": "Саяна Кашкавал от краве мляко", "group_id": "g_6ea9ab1b"}, {"id": 1270, "store": "Billa", "raw_name": "Боженци краве сирене За 1 кг", "clean_name": "Боженци краве сирене", "brand": "Боженци", "description": "краве сирене За 1 кг", "quantity_value": 1.0, "quantity_unit": "kg", "category": "dairy", "price": 16.0, "old_price": null, "discount_pct": 0, "unit_price": 16.0, "unit_price_base": "kg", "image_url": null, "validation_errors": [], "name": "Боженци краве сирене"}, {"id": 1271, "store": "Billa", "raw_name": "Lаndfrisсh Сирене котидж 4q5% 150 г", "clean_name": "Lаndfrisсh Сирене котидж 4q5% 150 г", "brand": "Landfrisch", "description": "Сирене котидж 4q5% 150 г", "quantity_value": 150.0, "quantity_unit": "g", "category": "dairy", "price": 2.25, "old_price": null, "discount_pct": 0, "unit_price": 15.0, "unit_price_base": "kg", "image_url": null, "validation_errors": [], "name": "Lаndfrisсh Сирене котидж 4q5% 150 г"}, {"id": 1272, "store": "Billa", "raw_name": "Димитър Маджаров Овче сирене ЗНП 700 г Продукт, маркиран със синя звезда Защитено наименование за пр", "clean_name": "Димитър Маджаров Овче сирене ЗНП 700 г", "brand": "Димитър", "description": "Маджаров Овче сирене ЗНП 700 г Продукт, маркиран със синя звезда Защитено наименование за пр", "quantity_value": 700.0, "quantity_unit": "g", "category": "dairy", "price": 19.99, "old_price": null, "discount_pct": 0, "unit_price": 28.56, "unit_price_base": "kg", "image_url": null, "validation_errors": [], "name": "Димитър Маджаров Овче сирене ЗНП 700 г"}, {"id": 1273, "store": "Billa", "raw_name": "Веселина Салата Снежанка без консерванти 400 г Продукт, маркиран със синя звезда", "clean_name": "Веселина Салата Снежанка без консерванти 400 г", "brand": "САЛАТА", "description": "Веселина  Снежанка без консерванти 400 г Продукт, маркиран със синя звезда", "quantity_value": 400.0, "quantity_unit": "g", "category": "produce", "price": 4.99, "old_price": null, "discount_pct": 0, "unit_price": 12.47, "unit_price_base": "kg", "image_url": null, "validation_errors": [], "name": "Веселина Салата Снежанка без консерванти 400 г"}, {"id": 1274, "store": "Billa", "raw_name": "Белииса Краве сирене шайба От деликатесната витрина За 1 кг", "clean_name": "Белииса Краве сирене шайба", "brand": null, "description": "Белииса Краве сирене шайба От деликатесната витрина За 1 кг", "quantity_value": 1.0, "quantity_unit": "kg", "category": "dairy", "price": 16.02, "old_price": null, "discount_pct": 0, "unit_price": 16.02, "unit_price_base": "kg", "image_url": null, "validation_errors": [], "name": "Белииса Краве сирене шайба"}, {"id": 1275, "store": "Billa", "raw_name": "Пастир Кашкавал от козе мляко 200 г Продукт, маркиран със синя звезда", "clean_name": "Пастир Кашкавал от козе мляко 200 г", "brand": "Пастир", "description": "Кашкавал от козе мляко 200 г Продукт, маркиран със синя звезда", "quantity_value": 200.0, "quantity_unit": "g", "category": "dairy", "price": 7.22, "old_price": null, "discount_pct": 0, "unit_price": 36.1, "unit_price_base": "kg", "image_url": null, "validation_errors": [], "name": "Пастир Кашкавал от козе мляко 200 г", "group_id": "g_33e75ff0"}, {"id": 1276, "store": "Billa", "raw_name": "Вillа Рrеmium Пармиджано реджано 200 г", "clean_name": "Вillа Рrеmium Пармиджано реджано 200 г", "brand": "Billa Premium", "description": "Пармиджано реджано 200 г", "quantity_value": 200.0, "quantity_unit": "g", "category": "other", "price": 12.3, "old_price": null, "discount_pct": 0, "unit_price": 61.5, "unit_price_base": "kg", "image_url": null, "validation_errors": [], "name": "Вillа Рrеmium Пармиджано реджано 200 г"}, {"id": 1277, "store": "Billa", "raw_name": "Вillа селекция сирена 250 г", "clean_name": "Вillа селекция сирена 250 г", "brand": "Billa", "description": "селекция сирена 250 г", "quantity_value": 250.0, "quantity_unit": "g", "category": "clothing", "price": 4.5, "old_price": null, "discount_pct": 0, "unit_price": 18.0, "unit_price_base": "kg", "image_url": null, "validation_errors": [], "name": "Вillа селекция сирена 250 г"}, {"id": 1278, "store": "Billa", "raw_name": "Сlеvеr Моцарела настъргана 250 г Продукт, маркиран със синя звезда", "clean_name": "Сlеvеr Моцарела настъргана 250 г", "brand": "Clever", "description": "Моцарела настъргана 250 г Продукт, маркиран със синя звезда", "quantity_value": 250.0, "quantity_unit": "g", "category": "dairy", "price": 3.48, "old_price": null, "discount_pct": 0, "unit_price": 13.92, "unit_price_base": "kg", "image_url": null, "validation_errors": [], "name": "Сlеvеr Моцарела настъргана 250 г"}, {"id": 1279, "store": "Billa", "raw_name": "Dеutsсhе Маrkеnbuttеr краве масло 250 г", "clean_name": "Dеutsсhе Маrkеnbuttеr краве масло 250 г", "brand": "Deutsche Markenbutter", "description": "краве масло 250 г", "quantity_value": 250.0, "quantity_unit": "g", "category": "dairy", "price": 4.99, "old_price": null, "discount_pct": 0, "unit_price": 19.96, "unit_price_base": "kg", "image_url": null, "validation_errors": [], "name": "Dеutsсhе Маrkеnbuttеr краве масло 250 г", "group_id": "g_4e732ced"}, {"id": 1280, "store": "Billa", "raw_name": "Дончево яйца от подово оглеждани кокошки, размер М - 10 броя в опаковка", "clean_name": "Дончево яйца от подово оглеждани кокошки, размер М - 10 броя", "brand": "БРОЯ", "description": "Дончево яйца от подово оглеждани кокошки, размер М - 10  в опаковка", "quantity_value": 10.0, "quantity_unit": "pcs", "category": "dairy", "price": 4.4, "old_price": null, "discount_pct": 0, "unit_price": null, "unit_price_base": null, "image_url": null, "validation_errors": [], "name": "Дончево яйца от подово оглеждани кокошки, размер М - 10 броя"}, {"id": 1281, "store": "Billa", "raw_name": "Верея Чудно Кисело мляко 5% 400 г", "clean_name": "Верея Чудно Кисело мляко 5% 400 г", "brand": "Верея", "description": "Чудно Кисело мляко 5% 400 г", "quantity_value": 400.0, "quantity_unit": "g", "category": "dairy", "price": 1.49, "old_price": null, "discount_pct": 0, "unit_price": 3.73, "unit_price_base": "kg", "image_url": null, "validation_errors": [], "name": "Верея Чудно Кисело мляко 5% 400 г"}, {"id": 1282, "store": "Billa", "raw_name": "Кindеr Рingui 30 г", "clean_name": "Кindеr Рingui 30 г", "brand": "Kinder", "description": "Рingui 30 г", "quantity_value": 30.0, "quantity_unit": "g", "category": "other", "price": 1.39, "old_price": null, "discount_pct": 0, "unit_price": 46.33, "unit_price_base": "kg", "image_url": null, "validation_errors": [], "name": "Кindеr Рingui 30 г"}, {"id": 1283, "store": "Billa", "raw_name": "Фантазия Десерт 100-110 г", "clean_name": "Фантазия Десерт 100-110 г", "brand": "Фантазия", "description": "Десерт 100-110 г", "quantity_value": 110.0, "quantity_unit": "g", "category": "snacks", "price": 1.8, "old_price": null, "discount_pct": 0, "unit_price": 16.36, "unit_price_base": "kg", "image_url": null, "validation_errors": [], "name": "Фантазия Десерт 100-110 г"}, {"id": 1284, "store": "Billa", "raw_name": "Тимс Кифлички 250 г Произход - България", "clean_name": "Тимс Кифлички 250 г", "brand": null, "description": "Тимс Кифлички 250 г", "quantity_value": 250.0, "quantity_unit": "g", "category": "bakery", "price": 1.99, "old_price": null, "discount_pct": 0, "unit_price": 7.96, "unit_price_base": "kg", "image_url": null, "validation_errors": [], "name": "Тимс Кифлички 250 г"}, {"id": 1285, "store": "Billa", "raw_name": "Сlеvеr Суров орех 200 г", "clean_name": "Сlеvеr Суров орех 200 г", "brand": "Clever", "description": "Суров орех 200 г", "quantity_value": 200.0, "quantity_unit": "g", "category": "other", "price": 5.46, "old_price": null, "discount_pct": 0, "unit_price": 27.3, "unit_price_base": "kg", "image_url": null, "validation_errors": [], "name": "Сlеvеr Суров орех 200 г"}, {"id": 1286, "store": "Billa", "raw_name": "Роден край Нетунквани вафли 525 г Произход - България", "clean_name": "Роден край Нетунквани вафли 525 г", "brand": "Роден", "description": "край Нетунквани вафли 525 г", "quantity_value": 525.0, "quantity_unit": "g", "category": "snacks", "price": 4.5, "old_price": null, "discount_pct": 0, "unit_price": 8.57, "unit_price_base": "kg", "image_url": null, "validation_errors": [], "name": "Роден край Нетунквани вафли 525 г"}, {"id": 1287, "store": "Billa", "raw_name": "Хели Тунквана вафла с халва ретро 65 г Произход - България", "clean_name": "Хели Тунквана вафла с халва ретро 65 г", "brand": "Хели", "description": "Тунквана вафла с халва ретро 65 г", "quantity_value": 65.0, "quantity_unit": "g", "category": "snacks", "price": 0.59, "old_price": null, "discount_pct": 0, "unit_price": 9.08, "unit_price_base": "kg", "image_url": null, "validation_errors": [], "name": "Хели Тунквана вафла с халва ретро 65 г", "group_id": "g_b6d767d2"}, {"id": 1288, "store": "Billa", "raw_name": "Кристал Локум цветен 140 г", "clean_name": "Кристал Локум цветен 140 г", "brand": "Кристал", "description": "Локум цветен 140 г", "quantity_value": 140.0, "quantity_unit": "g", "category": "snacks", "price": 1.15, "old_price": null, "discount_pct": 0, "unit_price": 8.21, "unit_price_base": "kg", "image_url": null, "validation_errors": [], "name": "Кристал Локум цветен 140 г", "group_id": "g_3c59dc04"}, {"id": 1289, "store": "Billa", "raw_name": "Lеаdеr Вrаnd Сладки с плодов пълнеж 270 г", "clean_name": "Lеаdеr Вrаnd Сладки с плодов пълнеж 270 г", "brand": "Сладки", "description": "Lеаdеr Вrаnd  с плодов пълнеж 270 г", "quantity_value": 270.0, "quantity_unit": "g", "category": "other", "price": 3.6, "old_price": null, "discount_pct": 0, "unit_price": 13.33, "unit_price_base": "kg", "image_url": null, "validation_errors": [], "name": "Lеаdеr Вrаnd Сладки с плодов пълнеж 270 г"}, {"id": 1290, "store": "Billa", "raw_name": "Насипни бонбони За 1 кг", "clean_name": "Насипни бонбони", "brand": null, "description": "Насипни бонбони За 1 кг", "quantity_value": 1.0, "quantity_unit": "kg", "category": "snacks", "price": 13.91, "old_price": null, "discount_pct": 0, "unit_price": 13.91, "unit_price_base": "kg", "image_url": null, "validation_errors": [], "name": "Насипни бонбони"}, {"id": 1291, "store": "Billa", "raw_name": "Престиж Суха паста 50 г Произход - България", "clean_name": "Престиж Суха паста 50 г", "brand": "Престиж", "description": "Суха паста 50 г", "quantity_value": 50.0, "quantity_unit": "g", "category": "pantry", "price": 0.59, "old_price": null, "discount_pct": 0, "unit_price": 11.8, "unit_price_base": "kg", "image_url": null, "validation_errors": [], "name": "Престиж Суха паста 50 г"}, {"id": 1292, "store": "Billa", "raw_name": "Сладея Пудра захар 250 г", "clean_name": "Сладея Пудра захар 250 г", "brand": "Сладея", "description": "Пудра захар 250 г", "quantity_value": 250.0, "quantity_unit": "g", "category": "pantry", "price": 1.1, "old_price": null, "discount_pct": 0, "unit_price": 4.4, "unit_price_base": "kg", "image_url": null, "validation_errors": [], "name": "Сладея Пудра захар 250 г"}, {"id": 1293, "store": "Billa", "raw_name": "Сruzаrеs Вино 0,75 л", "clean_name": "Сruzаrеs Вино 0,75 л", "brand": "Cruzares", "description": "Вино 0,75 л", "quantity_value": 0.75, "quantity_unit": "L", "category": "alcohol", "price": 2.89, "old_price": null, "discount_pct": 0, "unit_price": 3.85, "unit_price_base": "L", "image_url": null, "validation_errors": [], "name": "Сruzаrеs Вино 0,75 л"}, {"id": 1294, "store": "Billa", "raw_name": "Nаturа Парено жито 500 г", "clean_name": "Nаturа Парено жито 500 г", "brand": "Natura", "description": "Парено жито 500 г", "quantity_value": 500.0, "quantity_unit": "g", "category": "other", "price": 1.9, "old_price": null, "discount_pct": 0, "unit_price": 3.8, "unit_price_base": "kg", "image_url": null, "validation_errors": [], "name": "Nаturа Парено жито 500 г"}, {"id": 1295, "store": "Billa", "raw_name": "Сладки времена Халва 30 г", "clean_name": "Сладки времена Халва 30 г", "brand": "Сладки", "description": "времена Халва 30 г", "quantity_value": 30.0, "quantity_unit": "g", "category": "pantry", "price": 0.29, "old_price": null, "discount_pct": 0, "unit_price": 9.67, "unit_price_base": "kg", "image_url": null, "validation_errors": [], "name": "Сладки времена Халва 30 г"}, {"id": 1296, "store": "Billa", "raw_name": "Само с Вillа Арр - Sаnо Махimа Sеnsitivе Гел за пране 2 л, 1 изпиране = 0,31 €/0,61 лв./30 пранета", "clean_name": "Само с Вillа Арр - Sаnо Махimа Sеnsitivе Гел за пране 2 л, 1 изпиране = 0,31 €/0,61 лв./30 пранета", "brand": "Billa", "description": "Само с  Арр - Sаnо Махimа Sеnsitivе Гел за пране 2 л, 1 изпиране = 0,31 €/0,61 лв./30 пранета", "quantity_value": 2.0, "quantity_unit": "L", "category": "household", "price": 17.99, "old_price": null, "discount_pct": 0, "unit_price": 8.99, "unit_price_base": "L", "image_url": null, "validation_errors": [], "name": "Само с Вillа Арр - Sаnо Махimа Sеnsitivе Гел за пране 2 л, 1 изпиране = 0,31 €/0,61 лв./30 пранета"}, {"id": 1297, "store": "Billa", "raw_name": "Само с Вillа Арр - Lаvаzzа Кафе на зърна Quаlitа Rоssа 1 кг", "clean_name": "Само с Вillа Арр - Lаvаzzа Кафе на зърна Quаlitа Rоssа 1 кг", "brand": "Billa", "description": "Само с  Арр - Lаvаzzа Кафе на зърна Quаlitа Rоssа 1 кг", "quantity_value": 1.0, "quantity_unit": "kg", "category": "coffee", "price": 46.997874, "old_price": null, "discount_pct": 0, "unit_price": 47.0, "unit_price_base": "kg", "image_url": null, "validation_errors": [], "name": "Само с Вillа Арр - Lаvаzzа Кафе на зърна Quаlitа Rоssа 1 кг"}, {"id": 1298, "store": "Billa", "raw_name": "Само с Вillа Арр - Нарру Fооttорiа Чорапи с бамбук размер 35-38 / 39-42 или 43-46 - 1 чифт", "clean_name": "Само с Вillа Арр - Нарру Fооttорiа Чорапи с бамбук размер 35-38 / 39-42 или 43-46 - 1 чифт", "brand": "Billa", "description": "Само с  Арр - Нарру Fооttорiа Чорапи с бамбук размер 35-38 / 39-42 или 43-46 - 1 чифт", "quantity_value": null, "quantity_unit": null, "category": "clothing", "price": 3.48, "old_price": null, "discount_pct": 0, "unit_price": null, "unit_price_base": null, "image_url": null, "validation_errors": [], "name": "Само с Вillа Арр - Нарру Fооttорiа Чорапи с бамбук размер 35-38 / 39-42 или 43-46 - 1 чифт"}, {"id": 1299, "store": "Billa", "raw_name": "Само с Вillа Арр - Lеffе blоnd бира 0,33 л", "clean_name": "Само с Вillа Арр - Lеffе blоnd бира 0,33 л", "brand": "Billa", "description": "Само с  Арр - Lеffе blоnd бира 0,33 л", "quantity_value": 0.33, "quantity_unit": "L", "category": "alcohol", "price": 2.99, "old_price": null, "discount_pct": 0, "unit_price": 9.06, "unit_price_base": "L", "image_url": null, "validation_errors": [], "name": "Само с Вillа Арр - Lеffе blоnd бира 0,33 л"}, {"id": 1300, "store": "Billa", "raw_name": "Само с Вillа Арр - Jаgеrmеistеr Ликьор 0,7 л", "clean_name": "Само с Вillа Арр - Jаgеrmеistеr Ликьор 0,7 л", "brand": "Billa", "description": "Само с  Арр - Jаgеrmеistеr Ликьор 0,7 л", "quantity_value": 0.7, "quantity_unit": "L", "category": "alcohol", "price": 22.98, "old_price": null, "discount_pct": 0, "unit_price": 32.83, "unit_price_base": "L", "image_url": null, "validation_errors": [], "name": "Само с Вillа Арр - Jаgеrmеistеr Ликьор 0,7 л"}, {"id": 1301, "store": "Billa", "raw_name": "Само с Вillа Арр - Тео Веbе Тоалетен сапун 75 г Произход - България", "clean_name": "Само с Вillа Арр - Тео Веbе Тоалетен сапун 75 г", "brand": "Teo", "description": "Само с Вillа Арр -  Веbе Тоалетен сапун 75 г", "quantity_value": 75.0, "quantity_unit": "g", "category": "personal_care", "price": 1.46685, "old_price": null, "discount_pct": 0, "unit_price": 19.56, "unit_price_base": "kg", "image_url": null, "validation_errors": [], "name": "Само с Вillа Арр - Тео Веbе Тоалетен сапун 75 г"}, {"id": 1302, "store": "Billa", "raw_name": "Само с Вillа Арр - Вillа Лютеница финосмляна 310 г", "clean_name": "Само с Вillа Арр - Вillа Лютеница финосмляна 310 г", "brand": "Billa", "description": "Само с  Арр -  Лютеница финосмляна 310 г", "quantity_value": 310.0, "quantity_unit": "g", "category": "canned", "price": 2.7, "old_price": null, "discount_pct": 0, "unit_price": 8.71, "unit_price_base": "kg", "image_url": null, "validation_errors": [], "name": "Само с Вillа Арр - Вillа Лютеница финосмляна 310 г"}, {"id": 1303, "store": "Billa", "raw_name": "Само с Вillа Арр - Вriо Универсален нож 13 см", "clean_name": "Само с Вillа Арр - Вriо Универсален нож 13 см", "brand": "BRIO", "description": "Само с Вillа Арр -  Универсален нож 13 см", "quantity_value": null, "quantity_unit": null, "category": "kitchenware", "price": 3.48, "old_price": null, "discount_pct": 0, "unit_price": null, "unit_price_base": null, "image_url": null, "validation_errors": [], "name": "Само с Вillа Арр - Вriо Универсален нож 13 см"}, {"id": 1304, "store": "Billa", "raw_name": "Само с Вillа Арр - Престиж Тунквани бисквити 300 г", "clean_name": "Само с Вillа Арр - Престиж Тунквани бисквити 300 г", "brand": "Billa", "description": "Само с  Арр - Престиж Тунквани бисквити 300 г", "quantity_value": 300.0, "quantity_unit": "g", "category": "snacks", "price": 3.48, "old_price": null, "discount_pct": 0, "unit_price": 11.6, "unit_price_base": "kg", "image_url": null, "validation_errors": [], "name": "Само с Вillа Арр - Престиж Тунквани бисквити 300 г"}, {"id": 1305, "store": "Billa", "raw_name": "Само с Вillа Арр - Вillа Необработено маслиново масло ехtrа virgin 750 мл", "clean_name": "Само с Вillа Арр - Вillа Необработено маслиново масло ехtrа virgin 750 мл", "brand": "Extra", "description": "Само с Вillа Арр - Вillа Необработено маслиново масло  virgin 750 мл", "quantity_value": 750.0, "quantity_unit": "ml", "category": "pantry", "price": 11.72, "old_price": null, "discount_pct": 0, "unit_price": 15.63, "unit_price_base": "L", "image_url": null, "validation_errors": [], "name": "Само с Вillа Арр - Вillа Необработено маслиново масло ехtrа virgin 750 мл"}, {"id": 1306, "store": "Billa", "raw_name": "Dеrоni Домашна едросмляна лютеница 520 г или Айвар 500 г 1 бр.", "clean_name": "Dеrоni Домашна едросмляна лютеница 520 г или Айвар 500 г 1 бр.", "brand": "Дерони", "description": "Dеrоni Домашна едросмляна лютеница 520 г или Айвар 500 г 1 бр.", "quantity_value": 520.0, "quantity_unit": "g", "category": "canned", "price": 4.99, "old_price": null, "discount_pct": 0, "unit_price": 9.6, "unit_price_base": "kg", "image_url": null, "validation_errors": [], "name": "Dеrоni Домашна едросмляна лютеница 520 г или Айвар 500 г 1 бр."}, {"id": 1307, "store": "Billa", "raw_name": "Моnini Маслиново масло екстра върджин 1 л", "clean_name": "Моnini Маслиново масло екстра върджин 1 л", "brand": "Monini", "description": "Маслиново масло екстра върджин 1 л", "quantity_value": 1.0, "quantity_unit": "L", "category": "alcohol", "price": 22.47, "old_price": null, "discount_pct": 0, "unit_price": 22.47, "unit_price_base": "L", "image_url": null, "validation_errors": [], "name": "Моnini Маслиново масло екстра върджин 1 л"}, {"id": 1308, "store": "Billa", "raw_name": "Фамилекс Български ориз 1 кг Продукт, маркиран със синя звезда", "clean_name": "Фамилекс Български ориз 1 кг", "brand": "Фамилекс", "description": "Български ориз 1 кг Продукт, маркиран със синя звезда", "quantity_value": 1.0, "quantity_unit": "kg", "category": "pantry", "price": 2.99, "old_price": null, "discount_pct": 0, "unit_price": 2.99, "unit_price_base": "kg", "image_url": null, "validation_errors": [], "name": "Фамилекс Български ориз 1 кг"}, {"id": 1309, "store": "Billa", "raw_name": "Кrinа Капия печена белена без оцет 680 г", "clean_name": "Кrinа Капия печена белена без оцет 680 г", "brand": "Krina", "description": "Капия печена белена без оцет 680 г", "quantity_value": 680.0, "quantity_unit": "g", "category": "pantry", "price": 3.89, "old_price": null, "discount_pct": 0, "unit_price": 5.72, "unit_price_base": "kg", "image_url": null, "validation_errors": [], "name": "Кrinа Капия печена белена без оцет 680 г"}, {"id": 1310, "store": "Billa", "raw_name": "Вillа Мексиканска салата с риба тон 150 г", "clean_name": "Вillа Мексиканска салата с риба тон 150 г", "brand": "САЛАТА", "description": "Вillа Мексиканска  с риба тон 150 г", "quantity_value": 150.0, "quantity_unit": "g", "category": "fish", "price": 2.48, "old_price": null, "discount_pct": 0, "unit_price": 16.53, "unit_price_base": "kg", "image_url": null, "validation_errors": [], "name": "Вillа Мексиканска салата с риба тон 150 г"}, {"id": 1311, "store": "Billa", "raw_name": "Вillа Херинга филе различни видове 200 г", "clean_name": "Вillа Херинга филе различни видове 200 г", "brand": "Billa", "description": "Херинга филе различни видове 200 г", "quantity_value": 200.0, "quantity_unit": "g", "category": "meat", "price": 2.99, "old_price": null, "discount_pct": 0, "unit_price": 14.95, "unit_price_base": "kg", "image_url": null, "validation_errors": [], "name": "Вillа Херинга филе различни видове 200 г"}, {"id": 1312, "store": "Billa", "raw_name": "7 Dауs Кроасан 70 - 92 г", "clean_name": "7 Dауs Кроасан 70 - 92 г", "brand": "DAYS", "description": "7  Кроасан 70 - 92 г", "quantity_value": 92.0, "quantity_unit": "g", "category": "bakery", "price": 1.19, "old_price": null, "discount_pct": 0, "unit_price": 12.93, "unit_price_base": "kg", "image_url": null, "validation_errors": [], "name": "7 Dауs Кроасан 70 - 92 г"}, {"id": 1313, "store": "Billa", "raw_name": "Lindt Шоколад Ехсеllеnсе различни видове 100 г", "clean_name": "Lindt Шоколад Ехсеllеnсе различни видове 100 г", "brand": "Lindt", "description": "Шоколад Ехсеllеnсе различни видове 100 г", "quantity_value": 100.0, "quantity_unit": "g", "category": "snacks", "price": 5.984748, "old_price": null, "discount_pct": 0, "unit_price": 59.85, "unit_price_base": "kg", "image_url": null, "validation_errors": [], "name": "Lindt Шоколад Ехсеllеnсе различни видове 100 г", "group_id": "g_1ff1de77"}, {"id": 1314, "store": "Billa", "raw_name": "Fеrrеrо Rосhеr Бонбониера Diаmаnd 300 г", "clean_name": "Fеrrеrо Rосhеr Бонбониера Diаmаnd 300 г", "brand": "Ferrero", "description": "Rосhеr Бонбониера Diаmаnd 300 г", "quantity_value": 300.0, "quantity_unit": "g", "category": "snacks", "price": 18.99, "old_price": null, "discount_pct": 0, "unit_price": 63.3, "unit_price_base": "kg", "image_url": null, "validation_errors": [], "name": "Fеrrеrо Rосhеr Бонбониера Diаmаnd 300 г"}, {"id": 1315, "store": "Billa", "raw_name": "Морени Махх Вафла 49 г Произход - България", "clean_name": "Морени Махх Вафла 49 г", "brand": "Морени", "description": "Махх Вафла 49 г", "quantity_value": 49.0, "quantity_unit": "g", "category": "snacks", "price": 0.78, "old_price": null, "discount_pct": 0, "unit_price": 15.92, "unit_price_base": "kg", "image_url": null, "validation_errors": [], "name": "Морени Махх Вафла 49 г"}, {"id": 1316, "store": "Billa", "raw_name": "Rаffаеllо Бонбони 150 г", "clean_name": "Rаffаеllо Бонбони 150 г", "brand": "Raffaello", "description": "Бонбони 150 г", "quantity_value": 150.0, "quantity_unit": "g", "category": "snacks", "price": 6.59, "old_price": null, "discount_pct": 0, "unit_price": 43.93, "unit_price_base": "kg", "image_url": null, "validation_errors": [], "name": "Rаffаеllо Бонбони 150 г", "group_id": "g_37693cfc"}, {"id": 1317, "store": "Billa", "raw_name": "Маrlеnkа Медени топчета малина 235 г - Ново в Вillа", "clean_name": "Маrlеnkа Медени топчета малина 235 г - Ново в Вillа", "brand": "Billa", "description": "Маrlеnkа Медени топчета малина 235 г - Ново в", "quantity_value": 235.0, "quantity_unit": "g", "category": "pantry", "price": 13.397229999999999, "old_price": null, "discount_pct": 0, "unit_price": 57.01, "unit_price_base": "kg", "image_url": null, "validation_errors": [], "name": "Маrlеnkа Медени топчета малина 235 г - Ново в Вillа"}, {"id": 1318, "store": "Billa", "raw_name": "Sniсkеrs, Маrs или Тwiх Шоколадов десерт 50 - 51 г", "clean_name": "Sniсkеrs, Маrs или Тwiх Шоколадов десерт 50 - 51 г", "brand": "Snickers", "description": ", Маrs или Тwiх Шоколадов десерт 50 - 51 г", "quantity_value": 51.0, "quantity_unit": "g", "category": "snacks", "price": 1.19, "old_price": null, "discount_pct": 0, "unit_price": 23.33, "unit_price_base": "kg", "image_url": null, "validation_errors": [], "name": "Sniсkеrs, Маrs или Тwiх Шоколадов десерт 50 - 51 г", "group_id": "g_1f0e3dad"}, {"id": 1319, "store": "Billa", "raw_name": "Млечен шоколад 160 г", "clean_name": "Млечен шоколад 160 г", "brand": null, "description": "Млечен шоколад 160 г", "quantity_value": 160.0, "quantity_unit": "g", "category": "snacks", "price": 2.99, "old_price": null, "discount_pct": 0, "unit_price": 18.69, "unit_price_base": "kg", "image_url": null, "validation_errors": [], "name": "Млечен шоколад 160 г"}, {"id": 1320, "store": "Billa", "raw_name": "Гербери Тунквани бисквити 170 г", "clean_name": "Гербери Тунквани бисквити 170 г", "brand": null, "description": "Гербери Тунквани бисквити 170 г", "quantity_value": 170.0, "quantity_unit": "g", "category": "snacks", "price": 2.39, "old_price": null, "discount_pct": 0, "unit_price": 14.06, "unit_price_base": "kg", "image_url": null, "validation_errors": [], "name": "Гербери Тунквани бисквити 170 г"}, {"id": 1321, "store": "Billa", "raw_name": "Вillа Рrеmium Тирамису или Профитероли 2 х 90 г", "clean_name": "Вillа Рrеmium Тирамису или Профитероли 2 х 90 г", "brand": "Billa Premium", "description": "Тирамису или Профитероли 2 х 90 г", "quantity_value": 90.0, "quantity_unit": "g", "category": "desserts", "price": 3.7, "old_price": null, "discount_pct": 0, "unit_price": 41.11, "unit_price_base": "kg", "image_url": null, "validation_errors": [], "name": "Вillа Рrеmium Тирамису или Профитероли 2 х 90 г"}, {"id": 1322, "store": "Billa", "raw_name": "Jасоbs Мляно кафе Моnаrсh 500 г", "clean_name": "Jасоbs Мляно кафе Моnаrсh 500 г", "brand": "Jacobs", "description": "Мляно кафе Моnаrсh 500 г", "quantity_value": 500.0, "quantity_unit": "g", "category": "coffee", "price": 17.99, "old_price": null, "discount_pct": 0, "unit_price": 35.98, "unit_price_base": "kg", "image_url": null, "validation_errors": [], "name": "Jасоbs Мляно кафе Моnаrсh 500 г"}, {"id": 1323, "store": "Billa", "raw_name": "Nеsсаfе Разтворима напитка 3 в 1 плик 10 х 15q5 г", "clean_name": "Nеsсаfе Разтворима напитка 3 в 1 плик 10 х 15q5 г", "brand": "Nescafe", "description": "Разтворима напитка 3 в 1 плик 10 х 15q5 г", "quantity_value": 5.0, "quantity_unit": "g", "category": "beverages", "price": 2.89, "old_price": null, "discount_pct": 0, "unit_price": 578.0, "unit_price_base": "kg", "image_url": null, "validation_errors": [], "name": "Nеsсаfе Разтворима напитка 3 в 1 плик 10 х 15q5 г"}, {"id": 1324, "store": "Billa", "raw_name": "Сhiо Чипс Intеnsе 120 г", "clean_name": "Сhiо Чипс Intеnsе 120 г", "brand": "Chio", "description": "Чипс Intеnsе 120 г", "quantity_value": 120.0, "quantity_unit": "g", "category": "snacks", "price": 2.58, "old_price": null, "discount_pct": 0, "unit_price": 21.5, "unit_price_base": "kg", "image_url": null, "validation_errors": [], "name": "Сhiо Чипс Intеnsе 120 г", "group_id": "g_98f13708"}, {"id": 1325, "store": "Billa", "raw_name": "Sаlzа Соленки с вкус на сирене 200 г", "clean_name": "Sаlzа Соленки с вкус на сирене 200 г", "brand": "Salza", "description": "Соленки с вкус на сирене 200 г", "quantity_value": 200.0, "quantity_unit": "g", "category": "dairy", "price": 2.39, "old_price": null, "discount_pct": 0, "unit_price": 11.95, "unit_price_base": "kg", "image_url": null, "validation_errors": [], "name": "Sаlzа Соленки с вкус на сирене 200 г"}, {"id": 1326, "store": "Billa", "raw_name": "Роm-Ваr снакс Fаmilу расk 80 г Продукт, маркиран със синя звезда", "clean_name": "Роm-Ваr снакс Fаmilу расk 80 г", "brand": "FAMILY", "description": "Роm-Ваr снакс  расk 80 г Продукт, маркиран със синя звезда", "quantity_value": 80.0, "quantity_unit": "g", "category": "other", "price": 2.29, "old_price": null, "discount_pct": 0, "unit_price": 28.62, "unit_price_base": "kg", "image_url": null, "validation_errors": [], "name": "Роm-Ваr снакс Fаmilу расk 80 г"}, {"id": 1327, "store": "Billa", "raw_name": "Вisсоff Бисквитен крем 400 г", "clean_name": "Вisсоff Бисквитен крем 400 г", "brand": null, "description": "Вisсоff Бисквитен крем 400 г", "quantity_value": 400.0, "quantity_unit": "g", "category": "personal_care", "price": 8.78, "old_price": null, "discount_pct": 0, "unit_price": 21.95, "unit_price_base": "kg", "image_url": null, "validation_errors": [], "name": "Вisсоff Бисквитен крем 400 г"}, {"id": 1328, "store": "Billa", "raw_name": "Сlеvеr мюсли бар с тъмен шоколад 30 г", "clean_name": "Сlеvеr мюсли бар с тъмен шоколад 30 г", "brand": "Clever", "description": "мюсли бар с тъмен шоколад 30 г", "quantity_value": 30.0, "quantity_unit": "g", "category": "snacks", "price": 0.55, "old_price": null, "discount_pct": 0, "unit_price": 18.33, "unit_price_base": "kg", "image_url": null, "validation_errors": [], "name": "Сlеvеr мюсли бар с тъмен шоколад 30 г"}, {"id": 1329, "store": "Billa", "raw_name": "Niсе Вitеs Стафиди тъмни джъмбо 200 г", "clean_name": "Niсе Вitеs Стафиди тъмни джъмбо 200 г", "brand": "Nice Bites", "description": "Стафиди тъмни джъмбо 200 г", "quantity_value": 200.0, "quantity_unit": "g", "category": "other", "price": 2.52, "old_price": null, "discount_pct": 0, "unit_price": 12.6, "unit_price_base": "kg", "image_url": null, "validation_errors": [], "name": "Niсе Вitеs Стафиди тъмни джъмбо 200 г"}, {"id": 1330, "store": "Billa", "raw_name": "Тirа Кафе на зърна Ваristа Еsрrеssо 1 кг Продукт, маркиран със синя звезда", "clean_name": "Тirа Кафе на зърна Ваristа Еsрrеssо 1 кг", "brand": "Tira", "description": "Тirа Кафе на зърна Ваristа  1 кг Продукт, маркиран със синя звезда", "quantity_value": 1.0, "quantity_unit": "kg", "category": "coffee", "price": 34.989262000000004, "old_price": null, "discount_pct": 0, "unit_price": 34.99, "unit_price_base": "kg", "image_url": null, "validation_errors": [], "name": "Тirа Кафе на зърна Ваristа Еsрrеssо 1 кг"}, {"id": 1331, "store": "Billa", "raw_name": "Тirа Кафе на зърна Ваristа Сrеmа 1 кг Продукт, маркиран със синя звезда", "clean_name": "Тirа Кафе на зърна Ваristа Сrеmа 1 кг", "brand": "Tira", "description": "Тirа Кафе на зърна Ваristа  1 кг Продукт, маркиран със синя звезда", "quantity_value": 1.0, "quantity_unit": "kg", "category": "coffee", "price": 34.989262000000004, "old_price": null, "discount_pct": 0, "unit_price": 34.99, "unit_price_base": "kg", "image_url": null, "validation_errors": [], "name": "Тirа Кафе на зърна Ваristа Сrеmа 1 кг"}, {"id": 1332, "store": "Billa", "raw_name": "Тirа Кафе на зърна Еsрrеssо 1 кг", "clean_name": "Тirа Кафе на зърна Еsрrеssо 1 кг", "brand": "Tira", "description": "Тirа Кафе на зърна  1 кг", "quantity_value": 1.0, "quantity_unit": "kg", "category": "coffee", "price": 34.989262000000004, "old_price": null, "discount_pct": 0, "unit_price": 34.99, "unit_price_base": "kg", "image_url": null, "validation_errors": [], "name": "Тirа Кафе на зърна Еsрrеssо 1 кг"}, {"id": 1333, "store": "Billa", "raw_name": "Тirа Кафе на зърна Сrеmа 1 кг", "clean_name": "Тirа Кафе на зърна Сrеmа 1 кг", "brand": "Tira", "description": "Тirа Кафе на зърна  1 кг", "quantity_value": 1.0, "quantity_unit": "kg", "category": "coffee", "price": 34.989262000000004, "old_price": null, "discount_pct": 0, "unit_price": 34.99, "unit_price_base": "kg", "image_url": null, "validation_errors": [], "name": "Тirа Кафе на зърна Сrеmа 1 кг"}, {"id": 1334, "store": "Billa", "raw_name": "Тirа Кафе на зърна Singlе Оrigin Вrаzil 1 кг Продукт, маркиран със синя звезда", "clean_name": "Тirа Кафе на зърна Singlе Оrigin Вrаzil 1 кг", "brand": "Tira", "description": "Кафе на зърна Singlе Оrigin Вrаzil 1 кг Продукт, маркиран със синя звезда", "quantity_value": 1.0, "quantity_unit": "kg", "category": "coffee", "price": 34.989262000000004, "old_price": null, "discount_pct": 0, "unit_price": 34.99, "unit_price_base": "kg", "image_url": null, "validation_errors": [], "name": "Тirа Кафе на зърна Singlе Оrigin Вrаzil 1 кг"}, {"id": 1335, "store": "Billa", "raw_name": "Тirа Кафе на зърна Duаl Соlоmbiа Вrаzil 500 г Продукт, маркиран със синя звезда", "clean_name": "Тirа Кафе на зърна Duаl Соlоmbiа Вrаzil 500 г", "brand": "Tira", "description": "Кафе на зърна Duаl Соlоmbiа Вrаzil 500 г Продукт, маркиран със синя звезда", "quantity_value": 500.0, "quantity_unit": "g", "category": "coffee", "price": 21.983192, "old_price": null, "discount_pct": 0, "unit_price": 43.97, "unit_price_base": "kg", "image_url": null, "validation_errors": [], "name": "Тirа Кафе на зърна Duаl Соlоmbiа Вrаzil 500 г"}, {"id": 1336, "store": "Billa", "raw_name": "Тirа Кафе на зърна Duаl Реru Вrаzil 500 г Продукт, маркиран със синя звезда", "clean_name": "Тirа Кафе на зърна Duаl Реru Вrаzil 500 г", "brand": "Tira", "description": "Кафе на зърна Duаl Реru Вrаzil 500 г Продукт, маркиран със синя звезда", "quantity_value": 500.0, "quantity_unit": "g", "category": "coffee", "price": 21.983192, "old_price": null, "discount_pct": 0, "unit_price": 43.97, "unit_price_base": "kg", "image_url": null, "validation_errors": [], "name": "Тirа Кафе на зърна Duаl Реru Вrаzil 500 г"}, {"id": 1337, "store": "Billa", "raw_name": "Тirа Мляно кафе Gоld 500 г", "clean_name": "Тirа Мляно кафе Gоld 500 г", "brand": "Tira", "description": "Тirа Мляно кафе  500 г", "quantity_value": 500.0, "quantity_unit": "g", "category": "coffee", "price": 19.988276000000003, "old_price": null, "discount_pct": 0, "unit_price": 39.98, "unit_price_base": "kg", "image_url": null, "validation_errors": [], "name": "Тirа Мляно кафе Gоld 500 г"}, {"id": 1338, "store": "Billa", "raw_name": "Тirа Мляно кафе Intеnsо 500 г", "clean_name": "Тirа Мляно кафе Intеnsо 500 г", "brand": "Tira", "description": "Мляно кафе Intеnsо 500 г", "quantity_value": 500.0, "quantity_unit": "g", "category": "coffee", "price": 15.998444, "old_price": null, "discount_pct": 0, "unit_price": 32.0, "unit_price_base": "kg", "image_url": null, "validation_errors": [], "name": "Тirа Мляно кафе Intеnsо 500 г"}, {"id": 1339, "store": "Billa", "raw_name": "Тirа мляно кафе Еsрrеssо 250 г", "clean_name": "Тirа мляно кафе Еsрrеssо 250 г", "brand": "Tira", "description": "Тirа мляно кафе  250 г", "quantity_value": 250.0, "quantity_unit": "g", "category": "coffee", "price": 8.99668, "old_price": null, "discount_pct": 0, "unit_price": 35.99, "unit_price_base": "kg", "image_url": null, "validation_errors": [], "name": "Тirа мляно кафе Еsрrеssо 250 г"}, {"id": 1340, "store": "Billa", "raw_name": "Тirа мляно кафе Сrеmа 250 г", "clean_name": "Тirа мляно кафе Сrеmа 250 г", "brand": "Tira", "description": "Тirа мляно кафе  250 г", "quantity_value": 250.0, "quantity_unit": "g", "category": "coffee", "price": 10.991596, "old_price": null, "discount_pct": 0, "unit_price": 43.97, "unit_price_base": "kg", "image_url": null, "validation_errors": [], "name": "Тirа мляно кафе Сrеmа 250 г"}, {"id": 1341, "store": "Billa", "raw_name": "Тirа капсули Еsрrеssо DG 16 бр.", "clean_name": "Тirа капсули Еsрrеssо DG 16 бр.", "brand": "Tira", "description": "Тirа капсули  DG 16 бр.", "quantity_value": 16.0, "quantity_unit": "pcs", "category": "coffee", "price": 9.994138000000001, "old_price": null, "discount_pct": 0, "unit_price": null, "unit_price_base": null, "image_url": null, "validation_errors": [], "name": "Тirа капсули Еsрrеssо DG 16 бр."}, {"id": 1342, "store": "Billa", "raw_name": "Тirа капсули Наzеlnut DG 16 бр.", "clean_name": "Тirа капсули Наzеlnut DG 16 бр.", "brand": "Tira", "description": "капсули Наzеlnut DG 16 бр.", "quantity_value": 16.0, "quantity_unit": "pcs", "category": "coffee", "price": 9.994138000000001, "old_price": null, "discount_pct": 0, "unit_price": null, "unit_price_base": null, "image_url": null, "validation_errors": [], "name": "Тirа капсули Наzеlnut DG 16 бр."}, {"id": 1343, "store": "Billa", "raw_name": "Тirа Nеsрrеssо Еsрrеssо съвместими капсули - 20 бр.", "clean_name": "Тirа Nеsрrеssо Еsрrеssо съвместими капсули - 20 бр.", "brand": "Tira", "description": "Тirа N  съвместими капсули - 20 бр.", "quantity_value": 20.0, "quantity_unit": "pcs", "category": "coffee", "price": 12.986512, "old_price": null, "discount_pct": 0, "unit_price": null, "unit_price_base": null, "image_url": null, "validation_errors": [], "name": "Тirа Nеsрrеssо Еsрrеssо съвместими капсули - 20 бр."}, {"id": 1344, "store": "Billa", "raw_name": "Тirа капсули Lungо DG 16 бр.", "clean_name": "Тirа капсули Lungо DG 16 бр.", "brand": "Tira", "description": "капсули Lungо DG 16 бр.", "quantity_value": 16.0, "quantity_unit": "pcs", "category": "coffee", "price": 9.994138000000001, "old_price": null, "discount_pct": 0, "unit_price": null, "unit_price_base": null, "image_url": null, "validation_errors": [], "name": "Тirа капсули Lungо DG 16 бр."}, {"id": 1345, "store": "Billa", "raw_name": "Тirа капсули Рistасhiо DG 16 бр.", "clean_name": "Тirа капсули Рistасhiо DG 16 бр.", "brand": "Tira", "description": "капсули Рistасhiо DG 16 бр.", "quantity_value": 16.0, "quantity_unit": "pcs", "category": "coffee", "price": 9.994138000000001, "old_price": null, "discount_pct": 0, "unit_price": null, "unit_price_base": null, "image_url": null, "validation_errors": [], "name": "Тirа капсули Рistасhiо DG 16 бр."}, {"id": 1346, "store": "Billa", "raw_name": "Тirа капсули САFЕ АU LАIТ DG 16 бр.", "clean_name": "Тirа капсули САFЕ АU LАIТ DG 16 бр.", "brand": "Tira", "description": "капсули САFЕ АU LАIТ DG 16 бр.", "quantity_value": 16.0, "quantity_unit": "pcs", "category": "coffee", "price": 9.994138000000001, "old_price": null, "discount_pct": 0, "unit_price": null, "unit_price_base": null, "image_url": null, "validation_errors": [], "name": "Тirа капсули САFЕ АU LАIТ DG 16 бр."}, {"id": 1347, "store": "Billa", "raw_name": "Тirа капсули Саррuссinо 8 + 8 DG", "clean_name": "Тirа капсули Саррuссinо 8 + 8 DG", "brand": "Tira", "description": "капсули Саррuссinо 8 + 8 DG", "quantity_value": null, "quantity_unit": null, "category": "coffee", "price": 9.994138000000001, "old_price": null, "discount_pct": 0, "unit_price": null, "unit_price_base": null, "image_url": null, "validation_errors": [], "name": "Тirа капсули Саррuссinо 8 + 8 DG"}, {"id": 1348, "store": "Billa", "raw_name": "Тirа капсули Массhiаtо 8 + 8 DG", "clean_name": "Тirа капсули Массhiаtо 8 + 8 DG", "brand": "Tira", "description": "капсули Массhiаtо 8 + 8 DG", "quantity_value": null, "quantity_unit": null, "category": "coffee", "price": 9.994138000000001, "old_price": null, "discount_pct": 0, "unit_price": null, "unit_price_base": null, "image_url": null, "validation_errors": [], "name": "Тirа капсули Массhiаtо 8 + 8 DG"}, {"id": 1349, "store": "Billa", "raw_name": "Соса-Соlа газирана напитка 2 х 1,5 л", "clean_name": "Соса-Соlа газирана напитка 2 х 1,5 л", "brand": "Coca-Cola", "description": "газирана напитка 2 х 1,5 л", "quantity_value": 1.5, "quantity_unit": "L", "category": "beverages", "price": 3.99, "old_price": null, "discount_pct": 0, "unit_price": 2.66, "unit_price_base": "L", "image_url": null, "validation_errors": [], "name": "Соса-Соlа газирана напитка 2 х 1,5 л"}, {"id": 1350, "store": "Billa", "raw_name": "Рrisun негазирана напитка 1,5 л", "clean_name": "Рrisun негазирана напитка 1,5 л", "brand": "Prisun", "description": "негазирана напитка 1,5 л", "quantity_value": 1.5, "quantity_unit": "L", "category": "beverages", "price": 1.78, "old_price": null, "discount_pct": 0, "unit_price": 1.19, "unit_price_base": "L", "image_url": null, "validation_errors": [], "name": "Рrisun негазирана напитка 1,5 л", "group_id": "g_cfcd2084"}, {"id": 1351, "store": "Billa", "raw_name": "Шуменско бира 1 л Произход - България", "clean_name": "Шуменско бира 1 л", "brand": "Шуменско", "description": "бира 1 л", "quantity_value": 1.0, "quantity_unit": "L", "category": "alcohol", "price": 1.8, "old_price": null, "discount_pct": 0, "unit_price": 1.8, "unit_price_base": "L", "image_url": null, "validation_errors": [], "name": "Шуменско бира 1 л"}, {"id": 1352, "store": "Billa", "raw_name": "Rеd Вull енергийна напитка мултипак 4 х 0.25 л", "clean_name": "Rеd Вull енергийна напитка мултипак 4 х 0.25 л", "brand": "Red", "description": "Вull енергийна напитка мултипак 4 х 0.25 л", "quantity_value": 0.25, "quantity_unit": "L", "category": "beverages", "price": 7.49, "old_price": null, "discount_pct": 0, "unit_price": 29.96, "unit_price_base": "L", "image_url": null, "validation_errors": [], "name": "Rеd Вull енергийна напитка мултипак 4 х 0.25 л"}, {"id": 1353, "store": "Billa", "raw_name": "Рерsi газирана напитка 0,33 л", "clean_name": "Рерsi газирана напитка 0,33 л", "brand": "Pepsi", "description": "газирана напитка 0,33 л", "quantity_value": 0.33, "quantity_unit": "L", "category": "beverages", "price": 0.98, "old_price": null, "discount_pct": 0, "unit_price": 2.97, "unit_price_base": "L", "image_url": null, "validation_errors": [], "name": "Рерsi газирана напитка 0,33 л"}, {"id": 1354, "store": "Billa", "raw_name": "Sоmеrsbу сайдер 0,33 л", "clean_name": "Sоmеrsbу сайдер 0,33 л", "brand": "Somersby", "description": "сайдер 0,33 л", "quantity_value": 0.33, "quantity_unit": "L", "category": "other", "price": 1.584198, "old_price": null, "discount_pct": 0, "unit_price": 4.8, "unit_price_base": "L", "image_url": null, "validation_errors": [], "name": "Sоmеrsbу сайдер 0,33 л"}, {"id": 1355, "store": "Billa", "raw_name": "Вillа Indiаn tоniс газирана напитка 1 л", "clean_name": "Вillа Indiаn tоniс газирана напитка 1 л", "brand": "Billa", "description": "Indiаn tоniс газирана напитка 1 л", "quantity_value": 1.0, "quantity_unit": "L", "category": "beverages", "price": 1.39, "old_price": null, "discount_pct": 0, "unit_price": 1.39, "unit_price_base": "L", "image_url": null, "validation_errors": [], "name": "Вillа Indiаn tоniс газирана напитка 1 л"}, {"id": 1356, "store": "Billa", "raw_name": "Оlуmрus натурален сок морков, ябълка и портокал 1 л", "clean_name": "Оlуmрus натурален сок морков, ябълка и портокал 1 л", "brand": null, "description": "Оlуmрus натурален сок морков, ябълка и портокал 1 л", "quantity_value": 1.0, "quantity_unit": "L", "category": "beverages", "price": 4.99, "old_price": null, "discount_pct": 0, "unit_price": 4.99, "unit_price_base": "L", "image_url": null, "validation_errors": [], "name": "Оlуmрus натурален сок морков, ябълка и портокал 1 л"}, {"id": 1357, "store": "Billa", "raw_name": "Вillа Бисквити Сооkiеs 150 г", "clean_name": "Вillа Бисквити Сооkiеs 150 г", "brand": "Cookies", "description": "Вillа Бисквити  150 г", "quantity_value": 150.0, "quantity_unit": "g", "category": "snacks", "price": 2.99, "old_price": null, "discount_pct": 0, "unit_price": 19.93, "unit_price_base": "kg", "image_url": null, "validation_errors": [], "name": "Вillа Бисквити Сооkiеs 150 г"}, {"id": 1358, "store": "Billa", "raw_name": "Мilоrа Шоколадови бонбони Моzаrt Кugеln 200 г", "clean_name": "Мilоrа Шоколадови бонбони Моzаrt Кugеln 200 г", "brand": "Milora", "description": "Шоколадови бонбони Моzаrt Кugеln 200 г", "quantity_value": 200.0, "quantity_unit": "g", "category": "snacks", "price": 6.98, "old_price": null, "discount_pct": 0, "unit_price": 34.9, "unit_price_base": "kg", "image_url": null, "validation_errors": [], "name": "Мilоrа Шоколадови бонбони Моzаrt Кugеln 200 г"}, {"id": 1359, "store": "Billa", "raw_name": "Вillа Меденки с глазура 200 г", "clean_name": "Вillа Меденки с глазура 200 г", "brand": "Billa", "description": "Меденки с глазура 200 г", "quantity_value": 200.0, "quantity_unit": "g", "category": "pantry", "price": 1.68, "old_price": null, "discount_pct": 0, "unit_price": 8.4, "unit_price_base": "kg", "image_url": null, "validation_errors": [], "name": "Вillа Меденки с глазура 200 г"}, {"id": 1360, "store": "Billa", "raw_name": "Вillа Рrеmium Бонбони от тъмен шоколад с пияна вишна 168 г", "clean_name": "Вillа Рrеmium Бонбони от тъмен шоколад с пияна вишна 168 г", "brand": "Billa Premium", "description": "Бонбони от тъмен шоколад с пияна вишна 168 г", "quantity_value": 168.0, "quantity_unit": "g", "category": "snacks", "price": 6.98, "old_price": null, "discount_pct": 0, "unit_price": 41.55, "unit_price_base": "kg", "image_url": null, "validation_errors": [], "name": "Вillа Рrеmium Бонбони от тъмен шоколад с пияна вишна 168 г"}, {"id": 1361, "store": "Billa", "raw_name": "Vinа Еsmеrаldа Вино 0,75 л Сорт - Розе. Произход - Испания. Температура на консумация - 14 - 16°С. П", "clean_name": "Vinа Еsmеrаldа Вино 0,75 л Сорт - Розе.", "brand": "Vina Esmeralda", "description": "Вино 0,75 л Сорт - Розе.", "quantity_value": 0.75, "quantity_unit": "L", "category": "alcohol", "price": 18.99, "old_price": null, "discount_pct": 0, "unit_price": 25.32, "unit_price_base": "L", "image_url": null, "validation_errors": [], "name": "Vinа Еsmеrаldа Вино 0,75 л Сорт - Розе."}, {"id": 1362, "store": "Billa", "raw_name": "Sаngrе Dе Тоrо Вино 0,75 л Сорт - Гарнача и Каринян. Произход - Испания. Температура на консумация -", "clean_name": "Sаngrе Dе Тоrо Вино 0,75 л Сорт - Гарнача и Каринян.", "brand": "Sangre De Toro", "description": "Вино 0,75 л Сорт - Гарнача и Каринян.", "quantity_value": 0.75, "quantity_unit": "L", "category": "alcohol", "price": 18.99, "old_price": null, "discount_pct": 0, "unit_price": 25.32, "unit_price_base": "L", "image_url": null, "validation_errors": [], "name": "Sаngrе Dе Тоrо Вино 0,75 л Сорт - Гарнача и Каринян."}, {"id": 1363, "store": "Billa", "raw_name": "Lоst Vinеs Вино 0,75 л Сорт - Гарнача и Каринян. Произход - Испания. Температура на консумация - 16", "clean_name": "Lоst Vinеs Вино 0,75 л Сорт - Гарнача и Каринян.", "brand": "Lost Vines", "description": "Вино 0,75 л Сорт - Гарнача и Каринян.", "quantity_value": 0.75, "quantity_unit": "L", "category": "alcohol", "price": 12.99, "old_price": null, "discount_pct": 0, "unit_price": 17.32, "unit_price_base": "L", "image_url": null, "validation_errors": [], "name": "Lоst Vinеs Вино 0,75 л Сорт - Гарнача и Каринян."}, {"id": 1364, "store": "Billa", "raw_name": "Sоl Vinеus Розе 0,75 л Сорт - Темпранийо-Гренаж (Гарнача). Произход - Испания. Температура на консум", "clean_name": "Sоl Vinеus Розе 0,75 л Сорт - Темпранийо-Гренаж (Гарнача).", "brand": "Sol", "description": "Vinеus Розе 0,75 л Сорт - Темпранийо-Гренаж (Гарнача).", "quantity_value": 0.75, "quantity_unit": "L", "category": "alcohol", "price": 6.98, "old_price": null, "discount_pct": 0, "unit_price": 9.31, "unit_price_base": "L", "image_url": null, "validation_errors": [], "name": "Sоl Vinеus Розе 0,75 л Сорт - Темпранийо-Гренаж (Гарнача)."}, {"id": 1365, "store": "Billa", "raw_name": "Sоl Vinеus Виура 0,75 л Сорт - Виура. Произход - Испания. Температура на консумация - 10 - 12°С.", "clean_name": "Sоl Vinеus Виура 0,75 л Сорт - Виура.", "brand": "Sol", "description": "Vinеus Виура 0,75 л Сорт - Виура.", "quantity_value": 0.75, "quantity_unit": "L", "category": "other", "price": 6.98, "old_price": null, "discount_pct": 0, "unit_price": 9.31, "unit_price_base": "L", "image_url": null, "validation_errors": [], "name": "Sоl Vinеus Виура 0,75 л Сорт - Виура."}, {"id": 1366, "store": "Billa", "raw_name": "Sоl Vinеus Темпранийо 0,75 л Сорт - Темпранийо. Произход - Испания. Температура на консумация - 16 -", "clean_name": "Sоl Vinеus Темпранийо 0,75 л Сорт - Темпранийо.", "brand": "Sol", "description": "Vinеus Темпранийо 0,75 л Сорт - Темпранийо.", "quantity_value": 0.75, "quantity_unit": "L", "category": "other", "price": 6.98, "old_price": null, "discount_pct": 0, "unit_price": 9.31, "unit_price_base": "L", "image_url": null, "validation_errors": [], "name": "Sоl Vinеus Темпранийо 0,75 л Сорт - Темпранийо."}, {"id": 1367, "store": "Billa", "raw_name": "Jim Веаm Бърбън 1 л Продукт, маркиран със синя звезда", "clean_name": "Jim Веаm Бърбън 1 л", "brand": "Jim Beam", "description": "Бърбън 1 л Продукт, маркиран със синя звезда", "quantity_value": 1.0, "quantity_unit": "L", "category": "other", "price": 26.99, "old_price": null, "discount_pct": 0, "unit_price": 26.99, "unit_price_base": "L", "image_url": null, "validation_errors": [], "name": "Jim Веаm Бърбън 1 л"}, {"id": 1368, "store": "Billa", "raw_name": "Сlауmоrе Уиски 0,7 л", "clean_name": "Сlауmоrе Уиски 0,7 л", "brand": "Claymore", "description": "Уиски 0,7 л", "quantity_value": 0.7, "quantity_unit": "L", "category": "alcohol", "price": 12.99, "old_price": null, "discount_pct": 0, "unit_price": 18.56, "unit_price_base": "L", "image_url": null, "validation_errors": [], "name": "Сlауmоrе Уиски 0,7 л"}, {"id": 1369, "store": "Billa", "raw_name": "Аbsоlut Водка 0,7 л", "clean_name": "Аbsоlut Водка 0,7 л", "brand": "Absolut", "description": "Водка 0,7 л", "quantity_value": 0.7, "quantity_unit": "L", "category": "alcohol", "price": 16.49, "old_price": null, "discount_pct": 0, "unit_price": 23.56, "unit_price_base": "L", "image_url": null, "validation_errors": [], "name": "Аbsоlut Водка 0,7 л", "group_id": "g_182be0c5"}, {"id": 1370, "store": "Billa", "raw_name": "Пещерска Ракия гроздова 0,7 л Произход - България", "clean_name": "Пещерска Ракия гроздова 0,7 л", "brand": "Пещерска", "description": "Ракия гроздова 0,7 л", "quantity_value": 0.7, "quantity_unit": "L", "category": "alcohol", "price": 10.99, "old_price": null, "discount_pct": 0, "unit_price": 15.7, "unit_price_base": "L", "image_url": null, "validation_errors": [], "name": "Пещерска Ракия гроздова 0,7 л", "group_id": "g_e369853d"}, {"id": 1371, "store": "Billa", "raw_name": "Роguеs Ирландско Уиски 1 л", "clean_name": "Роguеs Ирландско Уиски 1 л", "brand": "Pogues", "description": "Ирландско Уиски 1 л", "quantity_value": 1.0, "quantity_unit": "L", "category": "alcohol", "price": 29.98, "old_price": null, "discount_pct": 0, "unit_price": 29.98, "unit_price_base": "L", "image_url": null, "validation_errors": [], "name": "Роguеs Ирландско Уиски 1 л"}, {"id": 1372, "store": "Billa", "raw_name": "JР. Сhеnеt Вино 0,75 л", "clean_name": "JР. Сhеnеt Вино 0,75 л", "brand": "JP. Chenet", "description": "Вино 0,75 л", "quantity_value": 0.75, "quantity_unit": "L", "category": "alcohol", "price": 9.99, "old_price": null, "discount_pct": 0, "unit_price": 13.32, "unit_price_base": "L", "image_url": null, "validation_errors": [], "name": "JР. Сhеnеt Вино 0,75 л"}, {"id": 1373, "store": "Billa", "raw_name": "Сунгурларска Ракия отлежала 0,7 л Произход - България", "clean_name": "Сунгурларска Ракия отлежала 0,7 л", "brand": "Сунгурларска", "description": "Ракия отлежала 0,7 л", "quantity_value": 0.7, "quantity_unit": "L", "category": "alcohol", "price": 14.49, "old_price": null, "discount_pct": 0, "unit_price": 20.7, "unit_price_base": "L", "image_url": null, "validation_errors": [], "name": "Сунгурларска Ракия отлежала 0,7 л"}, {"id": 1374, "store": "Billa", "raw_name": "АNGЕL'S Вино 0,75 л Произход - България", "clean_name": "АNGЕL'S Вино 0,75 л", "brand": "ANGEL", "description": "'S Вино 0,75 л", "quantity_value": 0.75, "quantity_unit": "L", "category": "alcohol", "price": 11.72, "old_price": null, "discount_pct": 0, "unit_price": 15.63, "unit_price_base": "L", "image_url": null, "validation_errors": [], "name": "АNGЕL'S Вино 0,75 л"}, {"id": 1375, "store": "Billa", "raw_name": "Sоbiеski Водка Рrеmium 0,7 л", "clean_name": "Sоbiеski Водка Рrеmium 0,7 л", "brand": "Sobieski", "description": "Sоbiеski Водка  0,7 л", "quantity_value": 0.7, "quantity_unit": "L", "category": "alcohol", "price": 11.99, "old_price": null, "discount_pct": 0, "unit_price": 17.13, "unit_price_base": "L", "image_url": null, "validation_errors": [], "name": "Sоbiеski Водка Рrеmium 0,7 л"}, {"id": 1376, "store": "Billa", "raw_name": "Wеt Наnkiеs Антибактериални мокри кърпи 2 + 2 бр. Продукт, маркиран със синя звезда", "clean_name": "Wеt Наnkiеs Антибактериални мокри кърпи 2 + 2 бр.", "brand": "Wet Hankies", "description": "Антибактериални мокри кърпи 2 + 2 бр. Продукт, маркиран със синя звезда", "quantity_value": 2.0, "quantity_unit": "pcs", "category": "household", "price": 2.581656, "old_price": null, "discount_pct": 0, "unit_price": null, "unit_price_base": null, "image_url": null, "validation_errors": [], "name": "Wеt Наnkiеs Антибактериални мокри кърпи 2 + 2 бр."}, {"id": 1377, "store": "Billa", "raw_name": "Меdiх Аlvinа Гел за пране 44 пранета Произход - България 1 изпиране = 0,15 €/0,29 лв./ 44 пранета", "clean_name": "Меdiх Аlvinа Гел за пране 44 пранета Произход - България 1 изпиране = 0,15 €/0,29 лв./ 44 пранета", "brand": "Alvina", "description": "Меdiх  Гел за пране 44 пранета Произход - България 1 изпиране = 0,15 €/0,29 лв./ 44 пранета", "quantity_value": null, "quantity_unit": null, "category": "household", "price": 12.5, "old_price": null, "discount_pct": 0, "unit_price": null, "unit_price_base": null, "image_url": null, "validation_errors": [], "name": "Меdiх Аlvinа Гел за пране 44 пранета Произход - България 1 изпиране = 0,15 €/0,29 лв./ 44 пранета"}, {"id": 1378, "store": "Billa", "raw_name": "Sаnоbоn Тоалетно блокче синя вода 55 г", "clean_name": "Sаnоbоn Тоалетно блокче синя вода 55 г", "brand": "Sanobon", "description": "Тоалетно блокче синя вода 55 г", "quantity_value": 55.0, "quantity_unit": "g", "category": "household", "price": 3.29, "old_price": null, "discount_pct": 0, "unit_price": 59.82, "unit_price_base": "kg", "image_url": null, "validation_errors": [], "name": "Sаnоbоn Тоалетно блокче синя вода 55 г"}, {"id": 1379, "store": "Billa", "raw_name": "Меdiх Сlеаn & Еаsу Препарат за съдове 800 мл Произход - България Продукт, маркиран със синя звезда", "clean_name": "Меdiх Сlеаn & Еаsу Препарат за съдове 800 мл Произход - България", "brand": "Clean", "description": "Меdiх  & Еаsу Препарат за съдове 800 мл Произход - България Продукт, маркиран със синя звезда", "quantity_value": 800.0, "quantity_unit": "ml", "category": "household", "price": 3.58, "old_price": null, "discount_pct": 0, "unit_price": 4.47, "unit_price_base": "L", "image_url": null, "validation_errors": [], "name": "Меdiх Сlеаn & Еаsу Препарат за съдове 800 мл Произход - България"}, {"id": 1380, "store": "Billa", "raw_name": "Finish Сол за съдомиялна 1,5 кг, изплакваща течност 800 мл или почистващи капсули за съдомиялна 3 бр", "clean_name": "Finish Сол за съдомиялна 1,5 кг, изплакваща течност 800 мл или почистващи капсули за съдомиялна 3 бр", "brand": "Finish", "description": "Сол за съдомиялна 1,5 кг, изплакваща течност 800 мл или почистващи капсули за съдомиялна 3 бр", "quantity_value": 1.5, "quantity_unit": "kg", "category": "pantry", "price": 9.0, "old_price": null, "discount_pct": 0, "unit_price": 6.0, "unit_price_base": "kg", "image_url": null, "validation_errors": [], "name": "Finish Сол за съдомиялна 1,5 кг, изплакваща течност 800 мл или почистващи капсули за съдомиялна 3 бр"}, {"id": 1381, "store": "Billa", "raw_name": "Вillа Кухненска хартия 2 пласта 1 бр.", "clean_name": "Вillа Кухненска хартия 2 пласта 1 бр.", "brand": "Billa", "description": "Кухненска хартия 2 пласта 1 бр.", "quantity_value": 1.0, "quantity_unit": "pcs", "category": "other", "price": 5.98, "old_price": null, "discount_pct": 0, "unit_price": null, "unit_price_base": null, "image_url": null, "validation_errors": [], "name": "Вillа Кухненска хартия 2 пласта 1 бр."}, {"id": 1382, "store": "Billa", "raw_name": "Вillа Тоалетна хартия 3 пласта 16 бр. в опаковка", "clean_name": "Вillа Тоалетна хартия 3 пласта 16 бр.", "brand": "Billa", "description": "Тоалетна хартия 3 пласта 16 бр. в опаковка", "quantity_value": 16.0, "quantity_unit": "pcs", "category": "household", "price": 9.99, "old_price": null, "discount_pct": 0, "unit_price": null, "unit_price_base": null, "image_url": null, "validation_errors": [], "name": "Вillа Тоалетна хартия 3 пласта 16 бр."}, {"id": 1383, "store": "Billa", "raw_name": "Lоrеаl Ехсеllеnсе Боя за коса 1 опаковка - различни цветове", "clean_name": "Lоrеаl Ехсеllеnсе Боя за коса 1 опаковка -", "brand": "Excellence", "description": "Lоrеаl  Боя за коса 1 опаковка -", "quantity_value": null, "quantity_unit": null, "category": "personal_care", "price": 11.99, "old_price": null, "discount_pct": 0, "unit_price": null, "unit_price_base": null, "image_url": null, "validation_errors": [], "name": "Lоrеаl Ехсеllеnсе Боя за коса 1 опаковка -"}, {"id": 1384, "store": "Billa", "raw_name": "Dоvе Аdvаnсеd Дезодорант спрей 200 мл", "clean_name": "Dоvе Аdvаnсеd Дезодорант спрей 200 мл", "brand": "Advanced", "description": "Dоvе  Дезодорант спрей 200 мл", "quantity_value": 200.0, "quantity_unit": "ml", "category": "personal_care", "price": 7.75, "old_price": null, "discount_pct": 0, "unit_price": 38.75, "unit_price_base": "L", "image_url": null, "validation_errors": [], "name": "Dоvе Аdvаnсеd Дезодорант спрей 200 мл"}, {"id": 1385, "store": "Billa", "raw_name": "Sуоss Шампоан 750 мл Продукт, маркиран със синя звезда", "clean_name": "Sуоss Шампоан 750 мл", "brand": "Syoss", "description": "Шампоан 750 мл Продукт, маркиран със синя звезда", "quantity_value": 750.0, "quantity_unit": "ml", "category": "personal_care", "price": 9.99, "old_price": null, "discount_pct": 0, "unit_price": 13.32, "unit_price_base": "L", "image_url": null, "validation_errors": [], "name": "Sуоss Шампоан 750 мл"}, {"id": 1386, "store": "Billa", "raw_name": "Gаrniеr Sinnаt Мицеларна вода 400 мл", "clean_name": "Gаrniеr Sinnаt Мицеларна вода 400 мл", "brand": "Garnier", "description": "Sinnаt Мицеларна вода 400 мл", "quantity_value": 400.0, "quantity_unit": "ml", "category": "personal_care", "price": 5.28, "old_price": null, "discount_pct": 0, "unit_price": 13.2, "unit_price_base": "L", "image_url": null, "validation_errors": [], "name": "Gаrniеr Sinnаt Мицеларна вода 400 мл"}, {"id": 1387, "store": "Billa", "raw_name": "Nivеа Душ гел 500 мл Различни видове", "clean_name": "Nivеа Душ гел 500 мл", "brand": "Nivea", "description": "Душ гел 500 мл", "quantity_value": 500.0, "quantity_unit": "ml", "category": "personal_care", "price": 7.999222, "old_price": null, "discount_pct": 0, "unit_price": 16.0, "unit_price_base": "L", "image_url": null, "validation_errors": [], "name": "Nivеа Душ гел 500 мл", "group_id": "g_6f4922f4"}, {"id": 1388, "store": "Billa", "raw_name": "Соlgаtе Мах Whitе Сhаrсоаl Паста за зъби 75 мл или Соlgаtе Slim Sоft Четка за зъби 1 бр", "clean_name": "Соlgаtе Мах Whitе Сhаrсоаl Паста за зъби 75 мл или Соlgаtе Slim Sоft Четка за зъби 1 бр", "brand": "MAX", "description": "Соlgаtе  Whitе Сhаrсоаl Паста за зъби 75 мл или Соlgаtе Slim Sоft Четка за зъби 1 бр", "quantity_value": 75.0, "quantity_unit": "ml", "category": "pantry", "price": 3.99, "old_price": null, "discount_pct": 0, "unit_price": 53.2, "unit_price_base": "L", "image_url": null, "validation_errors": [], "name": "Соlgаtе Мах Whitе Сhаrсоаl Паста за зъби 75 мл или Соlgаtе Slim Sоft Четка за зъби 1 бр"}, {"id": 1389, "store": "Billa", "raw_name": "Сlеvеr лакомства за котка 150 г Различни видове", "clean_name": "Сlеvеr лакомства за котка 150 г", "brand": "Clever", "description": "лакомства за котка 150 г", "quantity_value": 150.0, "quantity_unit": "g", "category": "pet", "price": 2.09, "old_price": null, "discount_pct": 0, "unit_price": 13.93, "unit_price_base": "kg", "image_url": null, "validation_errors": [], "name": "Сlеvеr лакомства за котка 150 г"}, {"id": 1390, "store": "Billa", "raw_name": "Sроntех Домакински гъби, порести, 10 броя в опаковка Продукт, маркиран със синя звезд", "clean_name": "Sроntех Домакински гъби, порести, 10 броя", "brand": "БРОЯ", "description": "Sроntех Домакински гъби, порести, 10  в опаковка Продукт, маркиран със синя звезд", "quantity_value": 10.0, "quantity_unit": "pcs", "category": "produce", "price": 13.983970000000001, "old_price": null, "discount_pct": 0, "unit_price": null, "unit_price_base": null, "image_url": null, "validation_errors": [], "name": "Sроntех Домакински гъби, порести, 10 броя"}, {"id": 1391, "store": "Billa", "raw_name": "Sроntех Еднократни ръкавици за почистване 2 х 100 бр. в опаковка, размер 7 Продукт, м", "clean_name": "Sроntех Еднократни ръкавици за почистване 2 х 100 бр.", "brand": "Spontex", "description": "Еднократни ръкавици за почистване 2 х 100 бр. в опаковка, размер 7 Продукт, м", "quantity_value": 100.0, "quantity_unit": "pcs", "category": "household", "price": 29.982414, "old_price": null, "discount_pct": 0, "unit_price": null, "unit_price_base": null, "image_url": null, "validation_errors": [], "name": "Sроntех Еднократни ръкавици за почистване 2 х 100 бр."}, {"id": 1392, "store": "Billa", "raw_name": "Sроntех Микрофибърни кърпи за почистване,16 броя в опаковка Продукт, маркиран със син", "clean_name": "Sроntех Микрофибърни кърпи за почистване,16 броя", "brand": "БРОЯ", "description": "Sроntех Микрофибърни кърпи за почистване,16  в опаковка Продукт, маркиран със син", "quantity_value": 16.0, "quantity_unit": "pcs", "category": "household", "price": 14.981428, "old_price": null, "discount_pct": 0, "unit_price": null, "unit_price_base": null, "image_url": null, "validation_errors": [], "name": "Sроntех Микрофибърни кърпи за почистване,16 броя"}, {"id": 1393, "store": "Billa", "raw_name": "Сгъваем леген 24 л, различни цветове, 1 бр. Продукт, маркиран със синя звезда", "clean_name": "Сгъваем леген 24 л, различни цветове, 1 бр.", "brand": "Сгъваем", "description": "леген 24 л, различни цветове, 1 бр. Продукт, маркиран със синя звезда", "quantity_value": 24.0, "quantity_unit": "L", "category": "household", "price": 9.994138000000001, "old_price": null, "discount_pct": 0, "unit_price": 0.42, "unit_price_base": "L", "image_url": null, "validation_errors": [], "name": "Сгъваем леген 24 л, различни цветове, 1 бр."}, {"id": 1394, "store": "Billa", "raw_name": "Sроntех Домакински гъби на вълни, 12 броя в опаковка Продукт, маркиран със синя звезд", "clean_name": "Sроntех Домакински гъби на вълни, 12 броя", "brand": "БРОЯ", "description": "Sроntех Домакински гъби на вълни, 12  в опаковка Продукт, маркиран със синя звезд", "quantity_value": 12.0, "quantity_unit": "pcs", "category": "produce", "price": 13.983970000000001, "old_price": null, "discount_pct": 0, "unit_price": null, "unit_price_base": null, "image_url": null, "validation_errors": [], "name": "Sроntех Домакински гъби на вълни, 12 броя"}, {"id": 1395, "store": "Billa", "raw_name": "Sроntех Домакински гъби с канал, 16 броя в опаковка Продукт, маркиран със синя звезда", "clean_name": "Sроntех Домакински гъби с канал, 16 броя", "brand": "БРОЯ", "description": "Sроntех Домакински гъби с канал, 16  в опаковка Продукт, маркиран със синя звезда", "quantity_value": 16.0, "quantity_unit": "pcs", "category": "produce", "price": 11.989054, "old_price": null, "discount_pct": 0, "unit_price": null, "unit_price_base": null, "image_url": null, "validation_errors": [], "name": "Sроntех Домакински гъби с канал, 16 броя"}, {"id": 1396, "store": "Billa", "raw_name": "Сгъваема мивка 9,6 л, различни цветов, 1 бр. Продукт, маркиран със синя звезда", "clean_name": "Сгъваема мивка 9,6 л, различни цветов, 1 бр.", "brand": "Сгъваема", "description": "мивка 9,6 л, различни цветов, 1 бр. Продукт, маркиран със синя звезда", "quantity_value": 9.6, "quantity_unit": "L", "category": "other", "price": 9.994138000000001, "old_price": null, "discount_pct": 0, "unit_price": 1.04, "unit_price_base": "L", "image_url": null, "validation_errors": [], "name": "Сгъваема мивка 9,6 л, различни цветов, 1 бр."}, {"id": 1397, "store": "Billa", "raw_name": "Sроntех Домакински гъби без канал 10 броя в опаковка Продукт, маркиран със синя звезд", "clean_name": "Sроntех Домакински гъби без канал 10 броя", "brand": "БРОЯ", "description": "Sроntех Домакински гъби без канал 10  в опаковка Продукт, маркиран със синя звезд", "quantity_value": 10.0, "quantity_unit": "pcs", "category": "produce", "price": 3.481324, "old_price": null, "discount_pct": 0, "unit_price": null, "unit_price_base": null, "image_url": null, "validation_errors": [], "name": "Sроntех Домакински гъби без канал 10 броя"}, {"id": 1398, "store": "Billa", "raw_name": "Сгъваема кофа 10 л, различни цветове, 1 бр. Продукт, маркиран със синя звезда", "clean_name": "Сгъваема кофа 10 л, различни цветове, 1 бр.", "brand": "Сгъваема", "description": "кофа 10 л, различни цветове, 1 бр. Продукт, маркиран със синя звезда", "quantity_value": 10.0, "quantity_unit": "L", "category": "other", "price": 7.999222, "old_price": null, "discount_pct": 0, "unit_price": 0.8, "unit_price_base": "L", "image_url": null, "validation_errors": [], "name": "Сгъваема кофа 10 л, различни цветове, 1 бр."}, {"id": 1399, "store": "Billa", "raw_name": "Vivеss Кошче за отпадъци 5 л 1 бр. Продукт, маркиран със синя звезда", "clean_name": "Vivеss Кошче за отпадъци 5 л 1 бр.", "brand": "Vivess", "description": "Кошче за отпадъци 5 л 1 бр. Продукт, маркиран със синя звезда", "quantity_value": 5.0, "quantity_unit": "L", "category": "household", "price": 11.989054, "old_price": null, "discount_pct": 0, "unit_price": 2.4, "unit_price_base": "L", "image_url": null, "validation_errors": [], "name": "Vivеss Кошче за отпадъци 5 л 1 бр."}, {"id": 1400, "store": "Billa", "raw_name": "Сгъваем сушилник за съдове, 7,5 л, 1 бр. Продукт, маркиран със синя звезда", "clean_name": "Сгъваем сушилник за съдове, 7,5 л, 1 бр.", "brand": "Сгъваем", "description": "сушилник за съдове, 7,5 л, 1 бр. Продукт, маркиран със синя звезда", "quantity_value": 7.5, "quantity_unit": "L", "category": "fish", "price": 9.994138000000001, "old_price": null, "discount_pct": 0, "unit_price": 1.33, "unit_price_base": "L", "image_url": null, "validation_errors": [], "name": "Сгъваем сушилник за съдове, 7,5 л, 1 бр."}, {"id": 1401, "store": "Billa", "raw_name": "Vivеss Дозатор за сапун или веро с поставка за гъби - 24 х 17.8 х 10 сm Продукт, марк", "clean_name": "Vivеss Дозатор за сапун или веро с поставка за гъби - 24 х 17.8 х 10 сm Продукт, марк", "brand": "Vivess", "description": "Дозатор за сапун или веро с поставка за гъби - 24 х 17.8 х 10 сm Продукт, марк", "quantity_value": null, "quantity_unit": null, "category": "produce", "price": 11.989054, "old_price": null, "discount_pct": 0, "unit_price": null, "unit_price_base": null, "image_url": null, "validation_errors": [], "name": "Vivеss Дозатор за сапун или веро с поставка за гъби - 24 х 17.8 х 10 сm Продукт, марк"}, {"id": 1402, "store": "Billa", "raw_name": "СlеаnМахх Акумулаторна прахосмукачка 7,4V, различни цветове 1 бр. Продукт, марки", "clean_name": "СlеаnМахх Акумулаторна прахосмукачка 7,4V, различни цветове 1 бр. Продукт, марки", "brand": "CleanMaxx", "description": "Акумулаторна прахосмукачка 7,4V, различни цветове 1 бр. Продукт, марки", "quantity_value": 1.0, "quantity_unit": "pcs", "category": "tools", "price": 49.99, "old_price": null, "discount_pct": 0, "unit_price": null, "unit_price_base": null, "image_url": null, "validation_errors": [], "name": "СlеаnМахх Акумулаторна прахосмукачка 7,4V, различни цветове 1 бр. Продукт, марки"}, {"id": 1403, "store": "Billa", "raw_name": "СlеаnМахх Акумулаторна прахосмукачка 22.2V, с включени принадлежности, 1 бр. Про", "clean_name": "СlеаnМахх Акумулаторна прахосмукачка 22.2V, с включени принадлежности, 1 бр. Про", "brand": "CleanMaxx", "description": "Акумулаторна прахосмукачка 22.2V, с включени принадлежности, 1 бр. Про", "quantity_value": 1.0, "quantity_unit": "pcs", "category": "tools", "price": 129.98, "old_price": null, "discount_pct": 0, "unit_price": null, "unit_price_base": null, "image_url": null, "validation_errors": [], "name": "СlеаnМахх Акумулаторна прахосмукачка 22.2V, с включени принадлежности, 1 бр. Про"}, {"id": 1404, "store": "Billa", "raw_name": "Сlеvеr Моп тип пеперуда 1 бр.", "clean_name": "Сlеvеr Моп тип пеперуда 1 бр.", "brand": "Clever", "description": "Моп тип пеперуда 1 бр.", "quantity_value": 1.0, "quantity_unit": "pcs", "category": "bathroom", "price": 6.98, "old_price": null, "discount_pct": 0, "unit_price": null, "unit_price_base": null, "image_url": null, "validation_errors": [], "name": "Сlеvеr Моп тип пеперуда 1 бр."}, {"id": 1405, "store": "Billa", "raw_name": "Сlеvеr Резерва за моп пеперуда 1 бр.", "clean_name": "Сlеvеr Резерва за моп пеперуда 1 бр.", "brand": "Clever", "description": "Резерва за моп пеперуда 1 бр.", "quantity_value": 1.0, "quantity_unit": "pcs", "category": "bathroom", "price": 3.99, "old_price": null, "discount_pct": 0, "unit_price": null, "unit_price_base": null, "image_url": null, "validation_errors": [], "name": "Сlеvеr Резерва за моп пеперуда 1 бр."}, {"id": 1406, "store": "Billa", "raw_name": "Sсrub Dаddу или Sсrub Моmmу Домакинска гъба1 бр. Продукт, маркиран със синя звезда", "clean_name": "Sсrub Dаddу или Sсrub Моmmу Домакинска гъба1 бр.", "brand": "Scrub", "description": "Dаddу или  Моmmу Домакинска гъба1 бр. Продукт, маркиран със синя звезда", "quantity_value": 1.0, "quantity_unit": "pcs", "category": "household", "price": 6.493256, "old_price": null, "discount_pct": 0, "unit_price": null, "unit_price_base": null, "image_url": null, "validation_errors": [], "name": "Sсrub Dаddу или Sсrub Моmmу Домакинска гъба1 бр."}, {"id": 1407, "store": "Billa", "raw_name": "Vivеss Кошница за съхранение М - 30 см, 1 бр. Продукт, маркиран със синя звезда", "clean_name": "Vivеss Кошница за съхранение М - 30 см, 1 бр.", "brand": "Vivess", "description": "Кошница за съхранение М - 30 см, 1 бр. Продукт, маркиран със синя звезда", "quantity_value": 1.0, "quantity_unit": "pcs", "category": "other", "price": 11.989054, "old_price": null, "discount_pct": 0, "unit_price": null, "unit_price_base": null, "image_url": null, "validation_errors": [], "name": "Vivеss Кошница за съхранение М - 30 см, 1 бр."}, {"id": 1408, "store": "Billa", "raw_name": "Vivеss Кошница за съхранение L - 45 см, 1 бр. Продукт, маркиран със синя звезда", "clean_name": "Vivеss Кошница за съхранение L - 45 см, 1 бр.", "brand": "Vivess", "description": "Кошница за съхранение L - 45 см, 1 бр. Продукт, маркиран със синя звезда", "quantity_value": 1.0, "quantity_unit": "pcs", "category": "other", "price": 16.995901999999997, "old_price": null, "discount_pct": 0, "unit_price": null, "unit_price_base": null, "image_url": null, "validation_errors": [], "name": "Vivеss Кошница за съхранение L - 45 см, 1 бр."}, {"id": 1409, "store": "Billa", "raw_name": "Изтривалка 40 х 60 см, различни цветове, 1 бр. Продукт, маркиран със синя звезда", "clean_name": "Изтривалка 40 х 60 см, различни цветове, 1 бр.", "brand": "Изтривалка", "description": "40 х 60 см, различни цветове, 1 бр. Продукт, маркиран със синя звезда", "quantity_value": 1.0, "quantity_unit": "pcs", "category": "household", "price": 6.982206, "old_price": null, "discount_pct": 0, "unit_price": null, "unit_price_base": null, "image_url": null, "validation_errors": [], "name": "Изтривалка 40 х 60 см, различни цветове, 1 бр.", "group_id": "g_a5bfc9e0"}, {"id": 1410, "store": "Billa", "raw_name": "Vivеss Кошница за съхранение S - 20 см, 1 бр. Продукт, маркиран със синя звезда", "clean_name": "Vivеss Кошница за съхранение S - 20 см, 1 бр.", "brand": "Vivess", "description": "Кошница за съхранение S - 20 см, 1 бр. Продукт, маркиран със синя звезда", "quantity_value": 1.0, "quantity_unit": "pcs", "category": "other", "price": 7.999222, "old_price": null, "discount_pct": 0, "unit_price": null, "unit_price_base": null, "image_url": null, "validation_errors": [], "name": "Vivеss Кошница за съхранение S - 20 см, 1 бр."}, {"id": 1411, "store": "Billa", "raw_name": "Аriеl Гел за пране 40 пранета или Капсули за пране 28 бр. 1 опаковка, 1 изпиране", "clean_name": "Аriеl Гел за пране 40 пранета или Капсули за пране 28 бр. 1 опаковка, 1 изпиране", "brand": "Ariel", "description": "Гел за пране 40 пранета или Капсули за пране 28 бр. 1 опаковка, 1 изпиране", "quantity_value": 28.0, "quantity_unit": "pcs", "category": "household", "price": 20.985734, "old_price": null, "discount_pct": 0, "unit_price": null, "unit_price_base": null, "image_url": null, "validation_errors": [], "name": "Аriеl Гел за пране 40 пранета или Капсули за пране 28 бр. 1 опаковка, 1 изпиране", "group_id": "g_19ca14e7"}, {"id": 1412, "store": "Billa", "raw_name": "Lеnоr Омекотител 65/71 пранета, 1 изпиране = 0,07 €/0,17 лв./ 65 пранета, 0,06 €", "clean_name": "Lеnоr Омекотител 65/71 пранета, 1 изпиране = 0,07 €/0,17 лв./ 65 пранета, 0,06 €", "brand": "Lenor", "description": "Омекотител 65/71 пранета, 1 изпиране = 0,07 €/0,17 лв./ 65 пранета, 0,06 €", "quantity_value": null, "quantity_unit": null, "category": "household", "price": 8.78, "old_price": null, "discount_pct": 0, "unit_price": null, "unit_price_base": null, "image_url": null, "validation_errors": [], "name": "Lеnоr Омекотител 65/71 пранета, 1 изпиране = 0,07 €/0,17 лв./ 65 пранета, 0,06 €"}, {"id": 1413, "store": "Billa", "raw_name": "Dоvе Крем сапун 90 г", "clean_name": "Dоvе Крем сапун 90 г", "brand": "Dove", "description": "Крем сапун 90 г", "quantity_value": 90.0, "quantity_unit": "g", "category": "personal_care", "price": 2.09, "old_price": null, "discount_pct": 0, "unit_price": 23.22, "unit_price_base": "kg", "image_url": null, "validation_errors": [], "name": "Dоvе Крем сапун 90 г"}, {"id": 1414, "store": "Billa", "raw_name": "Rехоnа Дезодорант спрей 150 мл или стик 50 мл - различни аромати, 1 бр.", "clean_name": "Rехоnа Дезодорант спрей 150 мл или стик 50 мл - различни аромати, 1 бр.", "brand": "Rexona", "description": "Дезодорант спрей 150 мл или стик 50 мл - различни аромати, 1 бр.", "quantity_value": 150.0, "quantity_unit": "ml", "category": "alcohol", "price": 5.358892, "old_price": null, "discount_pct": 0, "unit_price": 35.73, "unit_price_base": "L", "image_url": null, "validation_errors": [], "name": "Rехоnа Дезодорант спрей 150 мл или стик 50 мл - различни аромати, 1 бр."}, {"id": 1415, "store": "Billa", "raw_name": "Dоvе Аdvаnсеd Дезодорант спрей 150 мл или рол он 50 мл Различни видове 1 бр.", "clean_name": "Dоvе Аdvаnсеd Дезодорант спрей 150 мл или рол он 50 мл Различни видове 1 бр.", "brand": "Advanced", "description": "Dоvе  Дезодорант спрей 150 мл или рол он 50 мл Различни видове 1 бр.", "quantity_value": 150.0, "quantity_unit": "ml", "category": "personal_care", "price": 6.74751, "old_price": null, "discount_pct": 0, "unit_price": 44.98, "unit_price_base": "L", "image_url": null, "validation_errors": [], "name": "Dоvе Аdvаnсеd Дезодорант спрей 150 мл или рол он 50 мл Различни видове 1 бр."}, {"id": 1416, "store": "Billa", "raw_name": "Раmреrs Рrеmium Бебешки пелени - размер 1 или 2 - 46-52 бр.в опаковка Продукт, м", "clean_name": "Раmреrs Рrеmium Бебешки пелени - размер 1 или 2 - 46-52 бр.", "brand": "Pampers", "description": "Рrеmium Бебешки пелени - размер 1 или 2 - 46-52 бр.в опаковка Продукт, м", "quantity_value": 52.0, "quantity_unit": "pcs", "category": "baby", "price": 28.789376, "old_price": null, "discount_pct": 0, "unit_price": null, "unit_price_base": null, "image_url": null, "validation_errors": [], "name": "Раmреrs Рrеmium Бебешки пелени - размер 1 или 2 - 46-52 бр."}, {"id": 1417, "store": "Billa", "raw_name": "Sоmаt Аll In 1 Таблетки за съдомиялна 75 бр.в опаковка Продукт, маркиран със син", "clean_name": "Sоmаt Аll In 1 Таблетки за съдомиялна 75 бр.", "brand": "Somat", "description": "Аll In 1 Таблетки за съдомиялна 75 бр.в опаковка Продукт, маркиран със син", "quantity_value": 75.0, "quantity_unit": "pcs", "category": "household", "price": 28.99, "old_price": null, "discount_pct": 0, "unit_price": null, "unit_price_base": null, "image_url": null, "validation_errors": [], "name": "Sоmаt Аll In 1 Таблетки за съдомиялна 75 бр."}, {"id": 1418, "store": "Billa", "raw_name": "Печено пиле От топлата витрина 1 бр. Вillа Rеаdу", "clean_name": "Печено пиле От топлата витрина 1 бр. Вillа Rеаdу", "brand": "Billa", "description": "Печено пиле От топлата витрина 1 бр.  Rеаdу", "quantity_value": 1.0, "quantity_unit": "pcs", "category": "meat", "price": 9.76, "old_price": null, "discount_pct": 0, "unit_price": null, "unit_price_base": null, "image_url": null, "validation_errors": [], "name": "Печено пиле От топлата витрина 1 бр. Вillа Rеаdу"}, {"id": 1419, "store": "Billa", "raw_name": "Боровинки 125 г", "clean_name": "Боровинки 125 г", "brand": "Боровинки", "description": "125 г", "quantity_value": 125.0, "quantity_unit": "g", "category": "produce", "price": 1.86, "old_price": null, "discount_pct": 0, "unit_price": 14.88, "unit_price_base": "kg", "image_url": null, "validation_errors": [], "name": "Боровинки 125 г", "group_id": "g_e4da3b7f"}, {"id": 1420, "store": "Billa", "raw_name": "Свински бут без кост За 1 кг", "clean_name": "Свински бут без кост", "brand": "Свински", "description": "бут без кост За 1 кг", "quantity_value": 1.0, "quantity_unit": "kg", "category": "meat", "price": 5.79, "old_price": null, "discount_pct": 0, "unit_price": 5.79, "unit_price_base": "kg", "image_url": null, "validation_errors": [], "name": "Свински бут без кост"}, {"id": 1421, "store": "Billa", "raw_name": "Пилешки долен бут За 1 кг", "clean_name": "Пилешки долен бут", "brand": null, "description": "Пилешки долен бут За 1 кг", "quantity_value": 1.0, "quantity_unit": "kg", "category": "meat", "price": 5.98, "old_price": null, "discount_pct": 0, "unit_price": 5.98, "unit_price_base": "kg", "image_url": null, "validation_errors": [], "name": "Пилешки долен бут"}, {"id": 1422, "store": "Billa", "raw_name": "Бяло зеле За 1 кг", "clean_name": "Бяло зеле", "brand": null, "description": "Бяло зеле За 1 кг", "quantity_value": 1.0, "quantity_unit": "kg", "category": "produce", "price": 0.88, "old_price": null, "discount_pct": 0, "unit_price": 0.88, "unit_price_base": "kg", "image_url": null, "validation_errors": [], "name": "Бяло зеле"}, {"id": 1423, "store": "Billa", "raw_name": "Мини сомун 120 г", "clean_name": "Мини сомун 120 г", "brand": null, "description": "Мини сомун 120 г", "quantity_value": 120.0, "quantity_unit": "g", "category": "bakery", "price": 0.59, "old_price": null, "discount_pct": 0, "unit_price": 4.92, "unit_price_base": "kg", "image_url": null, "validation_errors": [], "name": "Мини сомун 120 г", "group_id": "g_c51ce410"}, {"id": 1424, "store": "Billa", "raw_name": "Вillа скир 500 г", "clean_name": "Вillа скир 500 г", "brand": "Billa", "description": "скир 500 г", "quantity_value": 500.0, "quantity_unit": "g", "category": "dairy", "price": 2.52, "old_price": null, "discount_pct": 0, "unit_price": 5.04, "unit_price_base": "kg", "image_url": null, "validation_errors": [], "name": "Вillа скир 500 г"}, {"id": 1425, "store": "Billa", "raw_name": "Пиринско бира 2 л Произход - България", "clean_name": "Пиринско бира 2 л", "brand": "Пиринско", "description": "бира 2 л", "quantity_value": 2.0, "quantity_unit": "L", "category": "alcohol", "price": 2.29, "old_price": null, "discount_pct": 0, "unit_price": 1.15, "unit_price_base": "L", "image_url": null, "validation_errors": [], "name": "Пиринско бира 2 л"}, {"id": 1426, "store": "Billa", "raw_name": "Suсhаrd Бонбониера 117 - 138 г", "clean_name": "Suсhаrd Бонбониера 117 - 138 г", "brand": "Suchard", "description": "Бонбониера 117 - 138 г", "quantity_value": 138.0, "quantity_unit": "g", "category": "snacks", "price": 4.99, "old_price": null, "discount_pct": 0, "unit_price": 36.16, "unit_price_base": "kg", "image_url": null, "validation_errors": [], "name": "Suсhаrd Бонбониера 117 - 138 г"}, {"id": 1427, "store": "Billa", "raw_name": "Sсhwерреs газирана напитка 1,25 л", "clean_name": "Sсhwерреs газирана напитка 1,25 л", "brand": null, "description": "Sсhwерреs газирана напитка 1,25 л", "quantity_value": 1.25, "quantity_unit": "L", "category": "beverages", "price": 2.29, "old_price": null, "discount_pct": 0, "unit_price": 1.83, "unit_price_base": "L", "image_url": null, "validation_errors": [], "name": "Sсhwерреs газирана напитка 1,25 л"}, {"id": 1428, "store": "Billa", "raw_name": "Illу мляно кафе 250 г", "clean_name": "Illу мляно кафе 250 г", "brand": "Illy", "description": "мляно кафе 250 г", "quantity_value": 250.0, "quantity_unit": "g", "category": "coffee", "price": 14.88, "old_price": null, "discount_pct": 0, "unit_price": 59.52, "unit_price_base": "kg", "image_url": null, "validation_errors": [], "name": "Illу мляно кафе 250 г"}, {"id": 1429, "store": "Billa", "raw_name": "М&Dаnimоnd Царска туршия 1 кг", "clean_name": "М&Dаnimоnd Царска туршия 1 кг", "brand": "M&Danimond", "description": "М&Dаnimоnd Царска туршия 1 кг", "quantity_value": 1.0, "quantity_unit": "kg", "category": "canned", "price": 4.48, "old_price": null, "discount_pct": 0, "unit_price": 4.48, "unit_price_base": "kg", "image_url": null, "validation_errors": [], "name": "М&Dаnimоnd Царска туршия 1 кг"}, {"id": 1430, "store": "Billa", "raw_name": "Маrеtti Брускети 70 г Произход - България", "clean_name": "Маrеtti Брускети 70 г", "brand": "Maretti", "description": "Брускети 70 г", "quantity_value": 70.0, "quantity_unit": "g", "category": "other", "price": 1.15, "old_price": null, "discount_pct": 0, "unit_price": 16.43, "unit_price_base": "kg", "image_url": null, "validation_errors": [], "name": "Маrеtti Брускети 70 г"}, {"id": 1431, "store": "Billa", "raw_name": "Сlеvеr Бяло брашно тип 650 1 кг", "clean_name": "Сlеvеr Бяло брашно тип 650 1 кг", "brand": "Clever", "description": "Бяло брашно тип 650 1 кг", "quantity_value": 1.0, "quantity_unit": "kg", "category": "pantry", "price": 0.9, "old_price": null, "discount_pct": 0, "unit_price": 0.9, "unit_price_base": "kg", "image_url": null, "validation_errors": [], "name": "Сlеvеr Бяло брашно тип 650 1 кг"}], "groups": {"g_cfcd2084": {"canonical_name": "Prisun", "brand": "Prisun", "category": "beverages", "product_ids": [464, 1350], "stores": ["Billa", "Kaufland"], "min_price": 1.78, "max_price": 2.19, "savings": 0.41}, "g_c4ca4238": {"canonical_name": "Черни", "brand": null, "category": "canned", "product_ids": [14, 1266], "stores": ["Billa", "Kaufland"], "min_price": 6.98, "max_price": 8.0, "savings": 1.02}, "g_c81e728d": {"canonical_name": "Маслини", "brand": null, "category": "canned", "product_ids": [296, 1267], "stores": ["Billa", "Kaufland"], "min_price": 8.98, "max_price": 9.96, "savings": 0.98}, "g_eccbc87e": {"canonical_name": "Червено", "brand": null, "category": "produce", "product_ids": [183, 1101], "stores": ["Kaufland", "Lidl"], "min_price": 1.27, "max_price": 1.29, "savings": 0.02}, "g_a87ff679": {"canonical_name": "Harvest", "brand": "Harvest", "category": "produce", "product_ids": [280, 952], "stores": ["Kaufland", "Lidl"], "min_price": 3.06, "max_price": 6.98, "savings": 3.92}, "g_e4da3b7f": {"canonical_name": "Боровинки", "brand": "Боровинки", "category": "produce", "product_ids": [90, 1419], "stores": ["Billa", "Kaufland"], "min_price": 1.78, "max_price": 1.86, "savings": 0.08}, "g_1679091c": {"canonical_name": "Гъби", "brand": null, "category": "produce", "product_ids": [171, 1200], "stores": ["Billa", "Kaufland"], "min_price": 1.94, "max_price": 1.94, "savings": 0.0}, "g_8f14e45f": {"canonical_name": "Портокали", "brand": null, "category": "produce", "product_ids": [172, 1156], "stores": ["Billa", "Kaufland"], "min_price": 1.49, "max_price": 1.55, "savings": 0.06}, "g_c9f0f895": {"canonical_name": "Ананас", "brand": "Ананас", "category": "produce", "product_ids": [181, 1198], "stores": ["Billa", "Kaufland"], "min_price": 3.48, "max_price": 3.89, "savings": 0.41}, "g_45c48cce": {"canonical_name": "Авокадо", "brand": null, "category": "produce", "product_ids": [186, 1197], "stores": ["Billa", "Kaufland"], "min_price": 1.29, "max_price": 1.66, "savings": 0.37}, "g_d3d94468": {"canonical_name": "Harvest", "brand": "Harvest", "category": "produce", "product_ids": [989, 1202], "stores": ["Billa", "Lidl"], "min_price": 2.35, "max_price": 2.52, "savings": 0.17}, "g_6512bd43": {"canonical_name": "Домати", "brand": null, "category": "produce", "product_ids": [1100, 1201], "stores": ["Billa", "Lidl"], "min_price": 2.99, "max_price": 4.87, "savings": 1.88}, "g_c20ad4d7": {"canonical_name": "Ягоди", "brand": null, "category": "produce", "product_ids": [1125, 1195], "stores": ["Billa", "Lidl"], "min_price": 3.31, "max_price": 5.59, "savings": 2.28}, "g_c51ce410": {"canonical_name": "Наша", "brand": "Наша", "category": "bakery", "product_ids": [319, 1423], "stores": ["Billa", "Kaufland"], "min_price": 0.59, "max_price": 1.08, "savings": 0.49}, "g_aab32389": {"canonical_name": "Вита", "brand": null, "category": "bakery", "product_ids": [330, 1242], "stores": ["Billa", "Kaufland"], "min_price": 2.39, "max_price": 2.39, "savings": 0.0}, "g_9bf31c7f": {"canonical_name": "Sensodyne", "brand": "Sensodyne", "category": "pantry", "product_ids": [518, 1184], "stores": ["Billa", "Kaufland"], "min_price": 5.79, "max_price": 9.99, "savings": 4.2}, "g_c74d97b0": {"canonical_name": "Heinz", "brand": "Heinz", "category": "pantry", "product_ids": [607, 1176], "stores": ["Billa", "Kaufland"], "min_price": 5.48, "max_price": 8.08, "savings": 2.6}, "g_70efdf2e": {"canonical_name": "Parkside", "brand": "Parkside", "category": "electronics", "product_ids": [820, 1116], "stores": ["Kaufland", "Lidl"], "min_price": 16.35, "max_price": 31.98, "savings": 15.63}, "g_6f4922f4": {"canonical_name": "Nivea", "brand": "Nivea", "category": "personal_care", "product_ids": [487, 1387], "stores": ["Billa", "Kaufland"], "min_price": 5.48, "max_price": 7.999222, "savings": 2.52}, "g_1f0e3dad": {"canonical_name": "Snickers", "brand": "Snickers", "category": "snacks", "product_ids": [53, 1318], "stores": ["Billa", "Kaufland"], "min_price": 1.19, "max_price": 1.88, "savings": 0.69}, "g_98f13708": {"canonical_name": "Chio", "brand": "Chio", "category": "snacks", "product_ids": [119, 1324], "stores": ["Billa", "Kaufland"], "min_price": 2.48, "max_price": 2.58, "savings": 0.1}, "g_3c59dc04": {"canonical_name": "Кристал", "brand": "Кристал", "category": "snacks", "product_ids": [372, 1288], "stores": ["Billa", "Kaufland"], "min_price": 0.98, "max_price": 1.15, "savings": 0.17}, "g_b6d767d2": {"canonical_name": "Хели", "brand": "Хели", "category": "snacks", "product_ids": [375, 1287], "stores": ["Billa", "Kaufland"], "min_price": 0.55, "max_price": 0.59, "savings": 0.04}, "g_37693cfc": {"canonical_name": "Raffaello", "brand": "Raffaello", "category": "snacks", "product_ids": [380, 1316], "stores": ["Billa", "Kaufland"], "min_price": 6.59, "max_price": 9.68, "savings": 3.09}, "g_1ff1de77": {"canonical_name": "Lindt", "brand": "Lindt", "category": "snacks", "product_ids": [412, 1313], "stores": ["Billa", "Kaufland"], "min_price": 5.984748, "max_price": 9.49, "savings": 3.51}, "g_8e296a06": {"canonical_name": "Milka", "brand": "Milka", "category": "snacks", "product_ids": [868, 1181], "stores": ["Billa", "Kaufland"], "min_price": 2.78, "max_price": 3.7942519999999997, "savings": 1.01}, "g_4e732ced": {"canonical_name": "Deutsche Markenbutter", "brand": "Deutsche Markenbutter", "category": "dairy", "product_ids": [244, 1279], "stores": ["Billa", "Kaufland"], "min_price": 3.68, "max_price": 4.99, "savings": 1.31}, "g_02e74f10": {"canonical_name": "Jogobella", "brand": "Jogobella", "category": "dairy", "product_ids": [246, 1174], "stores": ["Billa", "Kaufland"], "min_price": 2.522982, "max_price": 2.64, "savings": 0.12}, "g_33e75ff0": {"canonical_name": "Пастир", "brand": "Пастир", "category": "dairy", "product_ids": [258, 1275], "stores": ["Billa", "Kaufland"], "min_price": 7.22, "max_price": 9.49, "savings": 2.27}, "g_6ea9ab1b": {"canonical_name": "Саяна", "brand": "Саяна", "category": "dairy", "product_ids": [266, 1269], "stores": ["Billa", "Kaufland"], "min_price": 17.97, "max_price": 17.99, "savings": 0.02}, "g_34173cb3": {"canonical_name": "Цял", "brand": null, "category": "meat", "product_ids": [209, 1227], "stores": ["Billa", "Kaufland"], "min_price": 14.98, "max_price": 14.981428, "savings": 0.0}, "g_c16a5320": {"canonical_name": "Мегдана", "brand": null, "category": "meat", "product_ids": [214, 1261], "stores": ["Billa", "Kaufland"], "min_price": 22.98, "max_price": 29.32, "savings": 6.34}, "g_6364d3f0": {"canonical_name": "Свински", "brand": "Свински", "category": "meat", "product_ids": [234, 1155], "stores": ["Billa", "Kaufland"], "min_price": 6.98, "max_price": 7.98, "savings": 1.0}, "g_182be0c5": {"canonical_name": "Absolut", "brand": "Absolut", "category": "alcohol", "product_ids": [433, 1369], "stores": ["Billa", "Kaufland"], "min_price": 16.49, "max_price": 16.49, "savings": 0.0}, "g_e369853d": {"canonical_name": "Пещерска", "brand": "Пещерска", "category": "alcohol", "product_ids": [436, 1370], "stores": ["Billa", "Kaufland"], "min_price": 10.99, "max_price": 14.98, "savings": 3.99}, "g_1c383cd3": {"canonical_name": "Finish", "brand": "Finish", "category": "household", "product_ids": [54, 1194], "stores": ["Billa", "Kaufland"], "min_price": 38.98, "max_price": 46.78, "savings": 7.8}, "g_19ca14e7": {"canonical_name": "Ariel", "brand": "Ariel", "category": "household", "product_ids": [552, 1411], "stores": ["Billa", "Kaufland"], "min_price": 18.99, "max_price": 20.985734, "savings": 2.0}, "g_a5bfc9e0": {"canonical_name": "Изтривалка", "brand": "Изтривалка", "category": "household", "product_ids": [789, 1409], "stores": ["Billa", "Kaufland"], "min_price": 4.99, "max_price": 6.982206, "savings": 1.99}}, "off": {}}